3717 5434
757 594 979 660 -47-'-

520 879 566 931 oda
585 878 688 950 ἀφήσεις
706 878 763 931 odor
781 878 833 933 νυνί
852 878 888 948 μ’,
907 878 929 932 ὦ
949 881 1065 931 κάκιστον
1083 876 1185 949 inpio-n

520 967 573 1020 οὐδ’
592 966 760 1037 ἀναμνησθεὶς
777 965 818 1020 ol’
837 967 916 1037 εὑρὼν
937 968 994 1023 τοὺς
1014 968 1101 1039 βότρυς
1119 966 1257 1020 κλέπτοντά
1276 981 1302 1019 oe

519 1056 686 1128 προσαγαγὼν
705 1054 765 1126 πρὸς
782 1056 829 1127 τὴν
848 1056 922 1109 ἐλάαν
942 1054 1040 1126 ἐξέδειρ’
1058 1055 1085 1109 εὖ
1103 1054 1252 1126 κάνδρικῶς,

520 1145 584 1198 ὥστε
603 1160 629 1199 σε
648 1143 761 1215 ζηλωτὸν
780 1146 851 1213 εἶναι,
870 1146 898 1197 σὺ
918 1145 941 1198 δ’
960 1146 1090 1218 ἀχάριστος
1107 1144 1166 1215 ἦσθ’
1185 1145 1241 1216 ἄρα.

520 1234 576 1288 ἀλλ’
596 1235 651 1293 ἄνες
670 1254 702 1304 με
719 1235 762 1287 καὶ
781 1235 810 1287 eo
828 1236 871 1287 aul
890 1233 928 1302 oo,
947 1236 1003 1305 πρὶν
1021 1233 1064 1287 τὸν
1084 1232 1136 1287 υἱὸν
1156 1232 1294 1307 ἐκδραμεῖν.
1302 1235 1323 1303 ¹)

398 1362 435 1445 3)
460 1361 518 1427 Sed
543 1362 620 1425 haec
643 1362 809 1442 hactenns3
834 1361 898 1426 iam
922 1362 1041 1426 veteres
1066 1360 1208 1446 opinatos
1228 1379 1294 1425 esse
1318 1360 1430 1425 merni-

308 1469 393 1534 neris
417 1469 490 1534 deos
514 1487 574 1532 non
604 1467 707 1532 solum
731 1467 894 1532 sacrifieiis
929 1470 1021 1532 antea
1056 1466 1171 1533 oblatis
1201 1467 1430 1532 verumetiam

308 1575 389 1642 votis
412 1576 520 1659 postea
543 1576 700 1640 solvendis
717 1574 906 1640 commoveri
921 1594 1022 1658 posse,
1046 1576 1083 1639 ut
1104 1574 1211 1658 optata
1226 1572 1431 1658 efficerentl)

310 1682 357 1748 cf.
375 1683 467 1747 Hom.
485 1682 524 1747 Il.
542 1680 724 1766 K28lsqq.

518 1819 624 1878 κέκλυθι
642 1826 686 1874 νῦν
704 1823 746 1875 καὶ
764 1821 841 1891 ἐμεῖο,
860 1818 917 1879 Διὸς
935 1823 1014 1888 τέκος,
1033 1821 1172 1892 ἀτρυτώνη,

449 2001 499 2057 291
520 2001 556 2058 ὧς
573 2004 617 2053 νῦν
636 2016 678 2069 μοι
696 1996 819 2054 ἐθέλουσα
836 1999 971 2072 παρίστασο
993 1998 1036 2051 καί
1054 2018 1085 2069 με
1104 1998 1222 2072 φύλασσε·

520 2091 557 2142 σοὶ
577 2088 599 2140 δ’
619 2088 650 2141 αὖ
668 2088 718 2158 ἐγὼ
737 2086 800 2159 ῥέξω
821 2089 879 2157 βοῦν
897 2087 953 2158 ἠνιν
976 2088 1161 2158 εὐρυμέτωπον,

520 2178 644 2250 ἀδμήτην,
663 2177 693 2247 ἣν
713 2176 783 2231 οὔπω
802 2176 850 2230 ὑπὸ
869 2176 941 2247 ζυγὸν
960 2177 1050 2248 ἤγαγεν
1070 2177 1141 2248 ἀνήρ·

519 2269 565 2339 τήν
584 2285 622 2321 τοι
641 2267 691 2337 ἐγὼ
711 2265 772 2341 ῥέξω
790 2265 880 2339 χρυσὸν
899 2268 998 2337 κέρασιν
1017 2265 1155 2339 περιχεύας.

397 2412 489 2477 Talia
524 2412 678 2496 promissa
714 2411 746 2475 in
783 2410 1032 2494 supplicantium
1073 2430 1197 2495 quoque
1236 2408 1430 2475 orationibus

310 2520 393 2604 apud
418 2518 555 2603 tragicos
579 2518 716 2583 inreniri
739 2518 791 2582 rix
814 2518 960 2601 pluribus
985 2517 1172 2582 contendere
1195 2535 1273 2600 opus
1298 2517 1359 2581 est:

397 2624 536 2709 Oedipus
568 2623 701 2689 Athenis
737 2624 896 2708 refugium
930 2624 1093 2708 requirens
1129 2622 1251 2689 civibus
1286 2621 1429 2687 Coloneis

307 2732 480 2798 utilitatem
505 2752 537 2797 se
561 2732 734 2796 allaturum
750 2750 818 2795 esso
833 2729 1017 2814 pollicetnr3
1043 2730 1120 2795 Oed.
1139 2730 1204 2795 001.
1223 2731 1341 2814 287sq.

520 2872 577 2944 ἥκω
595 2873 642 2941 γὰρ
661 2848 725 2941 lepte
743 2870 845 2941 εὐσεβὴς
863 2888 890 2923 τε
911 2871 955 2923 καὶ
974 2871 1057 2943 φέρων

520 2960 604 3030 ὄνησιν
624 2962 707 3017 ἀστοῖς
724 2959 812 3012 τοῖσδε.

397 3087 508 3153 Medea
531 3087 564 3151 in
588 3086 751 3169 Euripidis
775 3086 885 3152 fabula
908 3086 1088 3171 cognomini
1116 3084 1268 3169 Aegeum,
1301 3086 1328 3151 ei
1353 3085 1429 3151 civi-

307 3195 373 3260 tate
397 3195 429 3259 et
451 3193 533 3259 tecto
557 3214 590 3259 se
614 3194 797 3278 recepturus
821 3193 873 3277 sit,
897 3194 985 3277 prole
1009 3214 1041 3259 se
1066 3194 1255 3259 donaturum
1276 3211 1343 3257 esse
1359 3212 1430 3276 pro·

307 3301 423 3367 mittit:
448 3303 588 3386 ll3sqq.

310 3429 522 3437 *—

403 3479 424 3548 ¹)
442 3480 534 3535 liliam
552 3480 714 3535 recentioris
734 3480 890 3533 comoediae
920 3484 1019 3549 poetae
1048 3478 1175 3533 ridentur
1193 3480 1222 3532 in
1242 3478 1345 3533 eisdem
1363 3477 1432 3532 locis

309 3569 500 3624 communibus
519 3568 678 3624 exhibendis
698 3568 866 3638 tragicorum
885 3569 1003 3637 vestigia
1022 3567 1170 3637 pressisee;
1195 3566 1230 3623 ei.
1244 3565 1336 3623 Plaut.
1351 3566 1432 3637 Oept.

306 3657 407 3728 meo.

449 3762 522 3801 nuno
540 3751 569 3802 te
588 3763 636 3801 oro
658 3791 663 3801 .
684 3787 691 3802 .
712 3790 717 3803 .
737 3764 786 3819 per
805 3748 859 3802 mei
879 3751 906 3803 te
926 3764 992 3817 erga
1012 3746 1165 3801 bonitatem
1184 3745 1282 3817 patrie.

226 3822 231 3827 Δ
305 3834 369 3892 Ter.
387 3834 470 3891 Andr.
489 3836 540 3891 292
559 3838 584 3890 ei
603 3840 631 3891 te
649 3836 678 3890 in
697 3837 819 3906 germani
838 3836 933 3893 fratris
952 3836 1037 3891 dilexi
1050 3836 1110 3891 loeo

522 3927 579 3981 sire
598 3926 667 3979 haec
686 3931 714 3981 te
734 3926 822 3981 solum
841 3942 948 3995 semper
967 3926 1034 3980 iecit
1053 3926 1171 3980 maxumi

521 4031 570 4068 seu
588 4013 640 4068 tibi
661 4014 805 4083 morigere·
816 4013 870 4068 luit
889 4016 917 4067 in
936 4014 1018 4069 rebus
1041 4013 1176 4083 omnibus,

521 4107 549 4155 te
567 4102 615 4156 isti
633 4103 721 4156 virum
741 4101 786 4169 do,
804 4104 921 4156 amicum
941 4105 1061 4157 tutorem
1080 4108 1194 4171 patrem.

308 4191 370 4246 Ter.
389 4191 524 4244 Hentont.
542 4190 675 4260 1024sqq.

366 4282 389 4334 si
410 4294 539 4348 umquam
558 4277 645 4330 ullum
664 4278 720 4332 init
739 4283 856 4347 tempus,
874 4282 971 4347 meter,
997 4296 1079 4349 quom
1099 4295 1150 4347 ego
1169 4279 1307 4350 voluptati
1327 4280 1379 4335 tibi

364 4369 473 4437 fuerim,
492 4366 583 4421 dictus
602 4367 681 4421 lilius.
695 4370 757 4420 tuos
776 4372 868 4422 rostra
887 4367 1047 4421 voluntate:
1067 4367 1188 4436 obsecro,

363 4459 421 4513 eius
440 4462 472 4511 ut
491 4457 647 4511 memineris
667 4460 750 4527 atque
768 4457 858 4527 inopis
878 4473 950 4511 nunc
969 4463 998 4513 te
1016 4458 1175 4512 miserescat
1193 4457 1264 4512 mei:

363 4546 436 4617 quod
455 4553 520 4617 pcto
540 4549 589 4600 aut
608 4547 681 4617 quod
699 4545 769 4614 volo,
788 4551 916 4616 parentes
935 4562 1010 4601 meos
1029 4552 1061 4603 ut
1079 4550 1275 4602 commonstres
1294 4547 1371 4603 milri.

394 4635 418 4703 ¹)
437 4636 507 4692 Vide
525 4635 641 4691 Aueleld
658 4636 678 4691 1.
692 4654 714 4693 c.
729 4652 755 4706 p.
767 4635 829 4692 528.
