3717 5434
886 565 1106 629 ...78-

440 761 524 841 quod
547 778 739 843 permagnus
763 779 913 824 numerus
938 760 1109 825 formarum
1135 759 1260 825 nonnisi
1288 760 1321 824 in
1350 760 1483 825 canticis
1508 763 1559 827 rel

438 864 614 949 anapaestis
631 865 800 933 invenitur.
848 866 970 930 Deinde
994 885 1066 932 vero
1090 866 1260 931 nonnullae
1277 866 1394 931 formae
1418 867 1450 930 in
1477 867 1556 951 lyri-

438 972 483 1037 cis
496 972 621 1056 saepius
645 989 740 1055 quam
763 972 796 1037 in
814 971 970 1038 deuerbiis
984 973 1115 1037 exstant.
1164 973 1211 1037 Ab
1226 972 1444 1038 alternantem
1468 974 1559 1057 parts

437 1076 586 1161 quattuor
621 1078 739 1143 formae
774 1079 1029 1162 frequentissime
1057 1078 1091 1142 in
1116 1079 1283 1160 deverbiis,
1318 1079 1479 1144 rarissime
1502 1080 1559 1144 aut

438 1183 565 1249 omnino
588 1184 714 1249 nullum
739 1185 772 1249 in
795 1183 905 1269 lyricis
928 1186 1033 1249 locum
1056 1184 1183 1249 habent.
1231 1185 1350 1264 Quodsi
1373 1186 1558 1268 reputamus

438 1292 557 1374 poetas,
587 1291 615 1355 si
638 1310 746 1356 omnes
775 1310 852 1375 quas
892 1291 1118 1374 adscripsimus
1153 1292 1270 1356 formas
1307 1292 1380 1355 inde
1404 1310 1423 1355 a
1445 1292 1557 1375 primis

436 1396 631 1481 temporibus
648 1397 768 1482 pariter
790 1397 824 1461 in
849 1398 1005 1463 deverbiis
1022 1399 1116 1481 atque
1133 1398 1167 1462 in
1190 1397 1299 1481 lyricis
1324 1397 1555 1479 adhibuissent,

436 1521 488 1568 eas
511 1522 635 1587 quoque
658 1522 738 1588 quae
776 1503 903 1569 nonnisi
927 1504 960 1567 in
997 1504 1104 1588 lyricis
1141 1505 1292 1589 leguntur
1326 1503 1558 1588 proculdubio

438 1610 563 1693 saepius
601 1609 635 1674 in
674 1609 829 1675 deverbiis
853 1611 1060 1693 usurpaturus
1095 1610 1194 1676 fuisse
1205 1611 1240 1694 ¹),
1280 1609 1401 1695 ambigi
1436 1610 1557 1694 nequit.

440 1716 515 1799 quid
542 1716 580 1781 de
603 1714 738 1781 historia
767 1716 881 1781 talium
904 1717 1078 1781 formarum
1103 1714 1305 1782 statuendum
1331 1716 1383 1784 sit.
1430 1716 1556 1798 Tragici

439 1823 540 1905 primo
574 1826 701 1906 propter
738 1822 930 1888 artissimam
979 1843 1058 1908 quae
1097 1824 1228 1889 canticis
1266 1824 1446 1908 tragoediae
1485 1842 1558 1888 oum

438 1929 525 2012 poesi
548 1928 648 2013 lyrica
672 1931 719 1993 cst
742 1928 1007 1994 necessitudinem
1031 1948 1198 2013 apocopam
1232 1929 1501 2013 praepositionum
1523 1930 1556 1993 in

437 2054 531 2100 usum
554 2054 664 2100 vocare
697 2054 759 2101 non
794 2036 955 2101 audebant
990 2036 1052 2101 nisi
1086 2036 1118 2099 in
1156 2036 1299 2119 partibus
1331 2036 1450 2119 lyricis,
1475 2036 1558 2100 unde

439 2140 557 2207 formae
579 2140 735 2225 paulatim
752 2142 900 2207 videntur
914 2143 948 2207 in
975 2142 1122 2209 deverbia
1144 2142 1341 2226 migravisse.
1390 2140 1488 2206 Cuius
1512 2142 1558 2206 rei

440 2247 515 2330 qnid
540 2266 652 2313 causae
677 2248 775 2313 fuerit
797 2249 849 2313 vix
884 2249 1018 2313 dubium
1042 2253 1098 2313 est.
1147 2249 1258 2313 Poetas
1297 2248 1382 2312 enim
1412 2246 1503 2311 nulla
1525 2266 1559 2311 re

442 2354 505 2418 nisi
529 2355 628 2419 metro
659 2355 811 2419 adductos
846 2374 924 2435 esse,
949 2358 985 2419 ut
1024 2355 1056 2419 in
1081 2374 1172 2419 versu
1195 2355 1338 2419 trimetro
1361 2354 1480 2421 ἀντολάς
1503 2374 1560 2437 pro

438 2459 587 2543 ἀνατολάς,
622 2462 817 2547 προσάμβασις
852 2481 907 2545 pro
943 2457 1162 2547 προσανάβασις,
1200 2461 1348 2524 κατθανεῖν
1383 2480 1440 2545 pro
1473 2480 1560 2523 κατα-

437 2566 534 2630 bace
562 2566 678 2631 anulio
717 2570 919 2648 arcessere-nt,
957 2567 1124 2632 manifesto
1163 2566 1419 2651 ‹leprehsnditun
1467 2565 1559 2646 Quod

439 2690 510 2737 uum
537 2670 585 2737 ita
607 2672 660 2753 sit,
685 2672 787 2737 denuo
810 2671 992 2756 probavisse
1032 2672 1112 2737 mihi
1148 2674 1256 2738 videor
1278 2672 1415 2756 tragicos
1439 2690 1561 2737 morem

437 2778 633 2862 temporibus
649 2779 717 2843 suis
728 2797 831 2862 neque
842 2780 876 2844 in
893 2780 1015 2864 volgari
1032 2779 1261 2845 consuetudine
1277 2778 1438 2862 vigentem
1455 2794 1560 2861 neque

438 2884 524 2968 apud
547 2884 715 2969 scriptores
738 2904 848 2969 prosae
882 2885 1034 2951 orationis
1070 2885 1224 2951 usitatum
1259 2886 1381 2949 secutos
1411 2902 1479 2949 essa
1503 2903 1560 2947 ne-

439 2990 586 3056 cessitate
598 2991 730 3057 metrica
753 2994 884 3058 coactos.
930 2992 1010 3057 Rem
1027 2992 1074 3057 ita
1100 3011 1167 3057 sese
1190 2991 1305 3056 habere
1330 2990 1378 3057 rel
1403 3010 1438 3055 eo
1473 3008 1560 3055 com·

439 3098 539 3180 paret,
564 3099 648 3183 quod
671 3098 781 3182 poetae
811 3099 934 3179 comici,
972 3118 1049 3183 quos
1088 3115 1257 3181 apocopam
1291 3095 1562 3180 praepositionum

441 3203 479 3269 ut
492 3224 512 3269 a
527 3203 660 3270 dialecto
676 3205 785 3270 Attica
795 3205 932 3271 alienam
949 3205 1103 3289 sprevisse
1119 3223 1215 3288 supra
1236 3202 1384 3285 diximus,
1407 3201 1518 3268 formis
1542 3222 1562 3267 a

441 3308 573 3393 tragicis
595 3310 758 3395 usurpatis
781 3310 835 3376 hic
857 3311 927 3378 illio
950 3312 983 3377 in
1018 3311 1212 3395 tragicorum
1236 3312 1267 3376 et
1291 3308 1459 3394 lyricorum
1484 3308 1560 3373 imi-

443 3414 562 3482 tatione
585 3415 635 3482 rel
659 3415 816 3485 allusione
838 3419 888 3484 usi
908 3418 1025 3499 suntlt.

440 3558 652 3572 ἡ

533 3648 555 3717 ¹)
573 3647 712 3704 murinae
742 3648 878 3704 eiusmodi
906 3650 1056 3704 lormarum
1087 3648 1115 3701 in
1145 3650 1262 3701 metrum
1291 3644 1440 3701 iambicum
1459 3644 1561 3701 melius

440 3736 640 3794 conveniebant
657 3738 752 3793 romu
770 3735 880 3793 Atticis.

527 3826 550 3891 ⁸)
569 3825 708 3898 smnph.
721 3824 789 3881 Rau.
811 3825 887 3882 11158.
908 3826 986 3881 1417.
1006 3824 1066 3879 Pac.
1091 3824 1172 3889 12983
1201 3824 1289 3895 Spacl
1308 3823 1325 3878 l.
1345 3842 1367 3879 c.
1388 3840 1415 3893 p.
1435 3822 1478 3879 ³1.
