3717 5434
726 619 947 684 ..21-

158 807 172 903 ‘fl
269 816 302 881 id
327 816 505 899 spectantes
526 834 634 898 preces
658 816 899 898 perlustramus,
923 815 985 879 duo
1009 832 1124 897 genera
1148 833 1316 881 causarum
1340 814 1389 880 in-

157 915 170 955 ⁵
274 924 419 988 venimus
443 922 559 1005 quibus
588 922 745 1005 supplices
769 921 821 985 usi
848 940 899 986 eos
935 939 1013 1005 quos
1048 921 1246 986 obtestantur
1268 940 1392 988 movere

272 1031 413 1110 student,
438 1030 474 1093 ut
504 1029 605 1113 petita
633 1029 782 1093 efficiant.
829 1028 1064 1110 Nonnunquam
1099 1028 1274 1110 peculiares
1299 1048 1391 1113 quas-

158 1128 167 1135 ”
272 1137 345 1201 dam
384 1135 522 1200 afferunt
561 1154 670 1200 causas
724 1154 804 1219 quae
844 1134 980 1219 singulis
1016 1134 1232 1200 occasionibus
1278 1135 1392 1201 oblatis

275 1244 420 1326 quamvis
444 1242 575 1307 idoneae
614 1241 693 1307 alibi
727 1240 828 1325 repeti
859 1242 1030 1325 nequeunt,
1079 1238 1147 1319 Quo
1184 1261 1296 1326 genere
1320 1261 1393 1307 cau-

151 1364 161 1420 l
273 1369 380 1413 sarum
405 1348 528 1431 saepius
554 1349 699 1431 alterum,
724 1347 807 1431 quod
831 1348 1036 1413 statuendmn
1070 1349 1128 1429 est,
1158 1348 1192 1413 in
1221 1368 1315 1414 usum
1338 1368 1393 1415 vo-

274 1460 380 1523 catur:
413 1456 496 1520 locos
520 1474 700 1520 communes
724 1454 806 1532 dico,
831 1454 886 1539 qui
915 1455 955 1519 ad
985 1475 1035 1520 res
1069 1454 1172 1520 varias
1196 1474 1232 1520 ac
1255 1456 1394 1521 diversas

275 1563 522 1645 comprobandas
553 1560 659 1627 idonei
682 1560 937 1646 frequentissime
972 1560 1116 1627 adhiberi
1146 1562 1300 1645 poterant.
1348 1563 1395 1627 De

275 1669 327 1734 his
352 1669 427 1733 solis
450 1669 515 1732 iam
539 1668 784 1752 disputabimus.

364 1777 389 1840 l.
412 1776 563 1841 Rhetores
588 1775 721 1841 Graecos
744 1776 777 1839 in
802 1776 926 1840 exordio
950 1774 1117 1861 (προοιμίῳ)
1158 1776 1241 1861 quod
1265 1777 1393 1841 vocatur

277 1882 427 1948 orationis
451 1882 588 1947 maxime
610 1883 692 1948 illud
716 1882 906 1967 spectavisse
929 1884 1039 1947 notum
1069 1885 1127 1965 est,
1150 1884 1187 1947 ut
1207 1883 1394 1948 benevolen-

276 1990 354 2055 tiam
401 1989 545 2055 iudicum
579 1989 751 2055 aliorumve
801 1989 982 2054 auditorum
1022 1988 1085 2054 sibi
1130 1992 1347 2072 compararent
1369 1991 1393 2075 ).

278 2096 402 2161 Pariter
425 2095 582 2179 supplices
606 2097 689 2179 apud
712 2097 819 2181 poetas
841 2097 979 2180 tragicos
1004 2096 1248 2183 diligentissime
1272 2116 1397 2179 operam

275 2223 389 2268 navare
413 2202 566 2280 videmus,
589 2204 626 2268 ut
648 2204 683 2287 ii,
708 2223 785 2286 quos
810 2202 929 2268 oraturi
953 2194 1038 2285 sunt,¹
1073 2202 1238 2288 benigne
1270 2222 1398 2268 aurem

275 2311 478 2375 advertant
501 2310 532 2373 et
554 2310 861 2375 benevolentiam
884 2310 947 2375 sibi
970 2311 1141 2394 praestent.

369 2421 397 2482 1.
422 2417 526 2499 Atque
550 2418 689 2500 primum
713 2416 843 2500 quidem
867 2418 983 2483 blande
1007 2436 1058 2483 eos
1083 2417 1310 2500 adloquuntur:

366 2558 463 2612 Aeach.
479 2557 574 2629 Suppl.
588 2558 642 2613 423
660 2559 827 2627 (Danaidum
846 2559 945 2615 chorus
964 2558 1000 2613 ad
1019 2575 1111 2629 regem
1131 2558 1321 2631 Argivorumlz

492 2645 551 2716 μηδ’
571 2646 626 2719 ἴδῃς
644 2648 672 2717 μ’
690 2644 716 2707 ἐξ
733 2646 806 2719 ἑδρᾶν
824 2644 942 2700 πανθέων

493 2734 674 2806 ῥυσιασβεῖσαν,
693 2736 716 2787 ὦ
767 2749 772 2759 ’

494 2832 553 2878 πᾶν
572 2827 684 2895 κράτος
701 2825 782 2898 ἔχων
800 2824 926 2898 χθονός.

371 2950 454 3019 Soph.
469 2950 510 3005 ill.
526 2950 577 3004 134
595 2949 717 3017 (Electra
735 2951 770 3006 ad
789 2950 925 3019 chorum):

491 3038 549 3091 ἀλλ’
568 3038 590 3090 ὤ
608 3038 759 3097 παντοίας
777 3039 946 3112 φιλότητος
965 3039 1172 3110 ἀμειβόμεναι
1190 3041 1296 3111 χάριν,

491 3164 499 3179 .
518 3165 526 3180 .
545 3165 553 3179 .
573 3128 697 3198 ἱκνοῦμαι.

371 3252 454 3323 Soph.
468 3253 510 3308 ill.
524 3253 576 3308 986
596 3253 717 3323 (Electra
735 3254 770 3309 ad
789 3253 1028 3325 Chrysotheminl:

493 3340 551 3393 ἀλλ’
570 3340 593 3393 ὦ
611 3341 701 3415 φίλη,
722 3341 845 3415 πείσθητι.

372 3466 455 3537 Sepla.
469 3465 510 3520 ill.
525 3467 594 3522 1410
613 3466 825 3538 (Clytaemestra
844 3468 879 3523 ad
899 3468 1048 3536 Orestem):

540 3634 543 3640 ι
735 3555 886 3609 dictaeos
909 3558 1032 3623 τέκνον,

498 3644 589 3715 οἴκτιρε
606 3644 653 3715 τὴν
671 3648 798 3699 τεκοῦσαν.

375 3770 459 3839 Soph.
472 3770 538 3826 Oed.
551 3771 584 3827 R.
599 3772 632 3823 14
651 3771 789 3835 (sacerdos
807 3771 843 3826 ad
861 3771 1022 3841 Oedipum:

495 3858 570 3911 ἀλλ’
589 3858 612 3910 ὦ
630 3859 793 3931 κρατόνων
812 3854 962 3917 Οἰδίπους
979 3860 1084 3933 χώρας
1102 3860 1190 3932 ἐμῆς,

498 3944 557 4018 ὁρᾷς
576 3953 621 4018 μὲν
639 3949 706 4021 ἡμᾶς
724 3948 807 4021 ἡλίκοι
825 3946 972 4021 προσήραθα

498 4037 605 4106 βωμοῖσι
623 4045 675 4095 τοῖς
693 4045 751 4095 σοῖς.

446 4127 482 4180 40
500 4129 544 4179 νῦν
562 4127 595 4194 τ’,
613 4127 636 4179 ὦ
654 4130 818 4198 κράτιστον
836 4133 930 4182 πᾶσιν
950 4122 1083 4181 Οἰδίπου
1101 4129 1193 4198 ιιοίρα,

500 4214 640 4285 ἱκετεύομέν
659 4231 693 4269 σε.

444 4305 478 4359 46
504 4301 548 4372 rl’,
567 4303 590 4355 ὦ
610 4305 727 4377 βροτῶν
746 4307 860 4377 ἄριστ’,
879 4306 1023 4378 ἀνόρθωσον
1042 4306 1122 4359 πόλιν.

285 4504 498 4515 -ᾕ

379 4592 400 4658 ¹)
418 4592 583 4663 Volkmann,
613 4594 664 4649 Die
695 4578 828 4648 Rhetorilr
857 4593 906 4648 der
941 4593 1076 4649 Griechen
1103 4594 1161 4649 und
1189 4592 1309 4659 Rimm’,
1346 4590 1410 4661 Lpa.

290 4680 367 4745 1885,
386 4698 414 4751 p.
435 4683 486 4737 128
504 4700 564 4754 sqq.
