3717 5434
789 496 1010 559 -27..

429 691 510 757 Cum
532 671 591 755 hoo
623 692 690 756 loco
731 692 892 755 communi
932 692 1013 755 alter
1053 695 1119 755 arte
1159 687 1302 755 cohaeret
1337 690 1460 773 dequo

340 797 550 862 Anaximenes
584 798 607 863 l.
632 817 657 861 c.
682 818 713 881 p.
739 799 836 879 96‚12
854 818 923 882 sqq.
968 798 1013 863 ita
1049 797 1141 862 dicit:
1182 796 1460 862 demonstrandum

340 924 407 969 esse
431 906 471 972 ὧς
494 952 502 968 .
528 956 535 970 .
561 956 569 971 .
596 904 717 987 ἀναξίως
740 906 936 989 δυστυχοῦμεν
961 956 968 970 .
994 958 1000 971 .
1027 952 1034 968 .
1060 902 1213 985 διεξιόντες,
1237 904 1318 965 τίνων
1342 903 1461 986 ἀγαθῶν

339 1010 520 1094 ἐστερήμεθα
536 1063 543 1078 .
559 1062 566 1075 .
582 1040 604 1094 .;
618 1012 658 1076 cf.
673 1010 736 1077 Oic.
750 1012 773 1078 l.
787 1032 813 1079 c.
828 1012 964 1077 55.107:
976 1008 1111 1076 ‘Deinde
1128 1062 1135 1076 .
1154 1062 1160 1075 .
1179 1061 1187 1074 .
1206 1011 1293 1075 locus
1306 1012 1355 1075 est
1365 1010 1460 1075 mise-

340 1117 503 1198 ricordiae,
526 1137 583 1201 per
606 1137 710 1201 quem,
735 1118 852 1202 quibus
876 1118 910 1182 in
933 1118 1025 1183 bonis
1049 1117 1170 1183 inerint
1185 1118 1217 1182 et
1236 1136 1320 1181 nuno
1345 1116 1460 1201 quibus

340 1225 373 1289 in
397 1224 491 1289 malis
516 1225 590 1304 sint,
615 1225 805 1306 ostenditnr3
830 1223 942 1308 Apsin.
966 1246 997 1309 p.
1023 1226 1137 1307 3123:
1169 1223 1285 1289 ἐλεεινοί
1319 1224 1371 1307 μὲν
1406 1224 1460 1307 γάρ

339 1332 391 1394 εἰσι
415 1332 462 1394 καὶ
485 1332 511 1393 οἱ
534 1332 666 1394 ὁπωσοῦν
699 1332 915 1416 δυστυχοῦντες,
953 1330 1136 1414 ἐλεεινότεροι
1170 1332 1204 1395 δὲ
1226 1330 1296 1393 εἶναι
1332 1333 1461 1394 δοκοῦσιν

339 1439 365 1500 οἱ
388 1438 421 1500 ἐκ
443 1442 577 1520 λαμπρᾶς
600 1437 779 1521 εὐδαιμονίας
801 1442 961 1523 συμφοραῖς
988 1439 1125 1521 μεγαλαις
1153 1440 1307 1523 χρώμενοι.
1354 1439 1459 1502 Huius

340 1544 402 1610 loci
425 1545 567 1628 exempla
590 1545 622 1609 in
646 1544 822 1629 petentium
852 1544 1047 1610 orationibus
1072 1565 1134 1609 non
1157 1565 1228 1610 rara
1251 1546 1341 1611 sunt:

431 1704 495 1760 nur.
507 1704 573 1759 Hec.
588 1704 639 1758 284
658 1703 782 1770 (Hecube
800 1704 836 1759 ad
856 1704 986 1772 Ulixem):

570 1792 642 1861 κάγὼ
660 1794 707 1862 γὰρ
724 1790 741 1862 ἠ
760 1793 824 1859 ποτ’,
844 1791 909 1845 ἀλλὰ
927 1796 971 1845 νῦν
990 1792 1036 1845 otae
1054 1792 1104 1862 εἴμ’
1123 1794 1167 1861 ἔτι,

568 1880 610 1934 τδν
629 1883 710 1933 πάντα
728 1880 751 1933 δ’
769 1880 845 1951 ὄλβον
863 1880 933 1951 ἦμαρ
952 1880 977 1934 ἔν
997 1883 1023 1951 μ’
1043 1881 1165 1954 ἀφείλετο.

508 2008 575 2062 ibid.
588 2006 641 2063 809
660 2006 786 2074 (Hecuba
803 2008 838 2062 ad
856 2006 1112 2075 Agamemnonem:

568 2094 687 2164 τίιραννος
704 2093 721 2164 η
740 2094 805 2162 ποτ’,
824 2093 889 2147 ἀλλὰ
908 2099 952 2148 νῦν
971 2094 1049 2163 δοθλη
1068 2094 1148 2162 σέθεν,

570 2181 655 2240 εὔπαις
672 2182 727 2236 ποτ’
746 2183 816 2251 οὖσα,
834 2186 877 2236 νῦν
896 2182 923 2236 δὲ
941 2188 1017 2254 γραῦς
1035 2184 1109 2241 ἄπαις
1127 2183 1153 2236 θ’
1172 2184 1234 2254 ἅμα,

570 2272 667 2341 ἄπολις,
685 2273 785 2342 ἔρημος,
804 2271 951 2343 ἀθλιωτάτη
972 2274 1076 2343 βροτῶν.

429 2400 492 2455 Eur.
507 2399 602 2471 SnppL
619 2398 667 2453 165
687 2397 831 2465 (Admetus
850 2398 886 2452 ad
904 2398 1066 2468 Theseum:
1166 2440 1169 2445 .

568 2487 662 2540 πίτνων
680 2486 740 2557 πρδς
758 2486 832 2544 οὖδας

568 2575 653 2634 πολιὸς
671 2576 743 2648 ἀνήρ,
761 2576 879 2647 τύραννος
899 2576 1026 2647 εὐδαίμων
1045 2579 1130 2647 πάρος.

431 2740 493 2804 Hic
526 2740 654 2804 brevem
700 2738 892 2803 mentionem
934 2739 1106 2823 adiungere
1156 2740 1252 2804 liceat
1289 2740 1460 2825 fragmenti

339 2848 506 2913 cuiusdam
519 2844 672 2929 adespoti.
701 2844 793 2928 Apud
807 2845 966 2911 Achillem
979 2845 1107 2910 Tatium
1120 2846 1205 2910 enim
1221 2845 1298 2911 haec
1310 2846 1460 2931 leguntur

337 2954 386 3036 (τὰ
424 2953 497 3017 κατὰ
535 2951 701 3036 Λευκίππην
740 2954 788 3015 καί
826 2948 1034 3037 Κλειτοφῶντα
1074 2953 1218 3037 5‚17‚2):
1265 2952 1459 3039 διεβαδίζομεν

337 3061 403 3130 τοὺς
425 3061 566 3145 δρχοίτους
588 3063 645 3123 τῶν
673 3064 772 3145 φυτῶν
806 3060 854 3122 καὶ
881 3059 1016 3145 ἐξαίφνης
1049 3060 1217 3143 προσπίπτει
1255 3063 1312 3129 τοῖς
1346 3059 1461 3145 γόνασιν

337 3169 421 3251 ἡμῶν
456 3168 527 3251 γυνὴ
560 3167 659 3252 χοίνιξι
696 3167 829 3252 παχείαις
867 3166 1006 3250 δεδεμένη
1030 3215 1038 3232 .
1062 3221 1069 3236 ,
1098 3218 1104 3232 .
1129 3172 1238 3252 χιτῶνα
1274 3167 1460 3251 ἀνείωσμένη

296 3338 302 3347 ,
341 3274 439 3339 ἄθλιον
472 3275 556 3357 πάνυ,
581 3275 628 3336 καὶ
666 3272 794 3356 ιἐλέησόν
828 3271 887 3356 με’,
923 3271 992 3358 ἔφη,
1035 3272 1187 3358 (δέσποινα,
1223 3274 1293 3357 γυνὴ
1327 3279 1459 3360 γυναῖκα,

336 3381 530 3465 ἐλευθέραν
567 3380 638 3463 μέν,
677 3382 723 3448 ὡς
760 3377 856 3465 ἔφυν,
892 3379 1019 3464 δούλην
1053 3381 1091 3444 δὲ
1118 3384 1185 3463 νῦν,
1221 3383 1277 3449 ὡς
1299 3382 1400 3444 δοκεῖ
1418 3388 1460 3466 τῇ

336 3486 451 3573 τύχηζ
498 3488 545 3549 καὶ
568 3486 630 3569 ἅμα
652 3486 810 3568 ἐσιώπησεν
833 3489 893 3551 κτλ.
928 3486 1101 3568 Nauckius,
1125 3486 1180 3569 qni
1203 3489 1298 3553 verba

567 3627 721 3713 ἐλευθέραν
745 3627 805 3711 μέν,
830 3630 871 3697 ὡς
893 3626 975 3713 ἔφυν,
1000 3628 1103 3711 δούλην
1126 3630 1159 3692 δὲ
1181 3633 1229 3692 νῦν

336 3773 519 3839 trimetrum
551 3754 674 3857 explere
708 3772 980 3855 animadverteret,
1015 3772 1205 3857 fragmentis
1242 3773 1400 3856 adespotis
1425 3792 1460 3839 ea

336 3879 512 3962 inseruit1).
643 3957 645 3961 ι

426 3985 546 4067 Restat,
570 3986 607 4051 ut
630 3986 761 4051 tertium
784 3986 889 4051 locum
912 3987 997 4069 apud
1022 3984 1204 4050 Ciceronem
1227 3985 1249 4049 l.
1275 4006 1300 4050 c.
1328 3988 1380 4051 55.
1398 3988 1458 4051 108

337 4092 471 4157 allatum
500 4110 726 4157 memoremus:
763 4092 896 4173 ‘Sextus
921 4080 980 4175 'per
1020 4111 1113 4176 quem
1139 4094 1263 4175 praeter
1298 4113 1387 4179 spem
1425 4095 1480 4163 in.

335 4198 473 4265 miseriis
498 4198 732 4263 demonstratur
756 4217 833 4281 esse,
859 4198 900 4281 et,
925 4217 998 4263 cum
1022 4197 1144 4281 aliquid
1169 4201 1371 4284 exspectaret,
1397 4221 1457 4266 non

336 4306 428 4371 modo
451 4304 486 4369 id
509 4324 571 4369 non
595 4304 747 4390 adeptum
771 4324 849 4386 esse,
888 4305 1000 4369 sedin
1036 4324 1175 4371 summas
1210 4306 1354 4373 miserias
1378 4309 1458 4373 inci-

427 4556 450 4625 Ι)
468 4556 511 4613 cr.
531 4556 615 4613 eoam
634 4555 709 4612 inc·
726 4555 807 4628 ριν.
