3717 5434
762 578 982 643 ,ω-

402 778 432 840 7.
459 773 520 841 Sed
544 777 664 841 veteres
689 794 751 840 uou
773 763 965 859 ignorabant
988 774 1072 839 siout
1103 774 1241 840 oratione
1263 774 1380 840 humili
1404 777 1436 840 ot

312 881 460 968 supplici,
475 881 522 947 ita
536 902 598 947 uon
619 882 725 948 minus
742 882 917 947 constantia
935 882 966 946 et
981 882 1100 947 virtute
1112 881 1232 947 animos
1249 882 1289 946 ad
1305 881 1435 947 misera-
1524 906 1530 923 ·

310 990 430 1055 tionem
446 990 635 1055 commoveri
651 1008 758 1073 posse;
775 990 814 1052 cf.
833 986 897 1052 Cic.
911 987 933 1054 l.
950 1008 976 1053 c.
991 989 1043 1054 56.
1061 989 1122 1053 109
1137 986 1145 1011 ί
1158 986 1267 1053 Sextus
1285 988 1435 1067 decimus,

311 1115 367 1181 per
402 1115 497 1179 quem
531 1096 674 1160 animum
711 1096 886 1160 nostrum.
913 1145 920 1159 .
948 1141 954 1158 .
980 1093 1121 1177 amplum
1156 1095 1188 1159 ot
1223 1095 1380 1160 excelsum
1404 1096 1435 1160 et

311 1203 484 1286 patientem
523 1201 793 1266 incommodorum
829 1219 897 1265 esso
932 1202 964 1265 ot
998 1200 1142 1265 futurum
1178 1220 1254 1285 csso,
1295 1201 1323 1267 si
1358 1201 1435 1285 quid

312 1308 471 1388 acciderit,
497 1307 758 1374 demonstramus.
806 1307 887 1371 Nam
912 1326 1003 1389 saepe
1019 1308 1120 1372 virtus
1141 1310 1172 1371 et
1187 1308 1434 1393 magnificentia,

312 1414 345 1478 iu
370 1433 431 1499 quo
456 1413 595 1497 gravitas
619 1415 651 1478 et
674 1414 844 1479 auotoritas
880 1418 938 1495 est,
975 1413 1046 1496 plus
1082 1415 1207 1497 proficit
1242 1415 1281 1479 ad
1309 1415 1434 1479 miseri-

313 1521 452 1587 cordiam
476 1521 731 1585 commovendam
750 1538 844 1604 quam
862 1519 1028 1584 humilitas
1052 1527 1083 1583 et
1107 1520 1301 1588 obsecratio’
1349 1520 1434 1600 Qua-

313 1629 439 1712 propter
462 1646 524 1692 uon
561 1627 678 1692 mirum
714 1627 762 1690 est
784 1627 868 1710 apud
892 1627 1064 1710 tragicos
1100 1646 1222 1710 quoquo
1254 1628 1338 1693 looos
1373 1648 1435 1693 uon

313 1734 420 1799 deesse
458 1733 514 1799 ubi
551 1731 692 1798 homines
738 1734 896 1816 augustiis
934 1732 1078 1816 quamvis
1115 1734 1215 1817 pressi
1252 1733 1437 1820 suppliciter

313 1858 400 1905 orare
424 1841 589 1923 spernant:

408 1999 473 2054 Bur.
486 1998 624 2054 Heraclid.
638 1997 690 2052 988
709 1997 889 2068 (Eurystheus
909 2004 1006 2070 captus
1025 2000 1061 2054 ad
1079 1998 1258 2069 Alcmenaml:

552 2086 630 2156 γύναι,
650 2087 709 2157 σάφ’
728 2083 786 2151 ίσόι,
806 2086 841 2157 μή
862 2106 892 2156 με
911 2086 1073 2141 θωπεόσοντό
1092 2101 1126 2152 σε,

552 2173 1112 2247 Wfflfflmwmm

551 2261 646 2323 λίξονθ’
665 2261 724 2318 ὅθεν
743 2263 791 2336 χρὴ
812 2263 906 2318 δειλίαν
925 2263 1010 2335 όφλεῖν
1029 2283 1092 2319 τινα.

467 2354 535 2408 1οἳ6
553 2351 638 2419 κτεῖν’,
657 2351 686 2404 od
704 2353 875 2423 παραιτοῦμαί
893 2367 927 2405 σε.

407 2495 671 2551 Eur.Phoon.1622
690 2495 823 2567 (Oedipus
842 2497 878 2551 ad
897 2496 1069 2567 Oreontem):

553 2584 582 2636 ot
603 2583 653 2655 pipo
672 2584 752 2645 ureae
769 2586 792 2654 γ’
811 2587 877 2658 ἀμφὶ
896 2584 938 2638 σὸν
956 2592 1043 2659 χεῖρας
1059 2586 1119 2658 γόνυ

553 2672 632 2729 made
650 2673 833 2745 φανοῦμαι·τό
851 2676 898 2747 γὰρ
918 2674 978 2744 ἐμόν
994 2675 1051 2730 ποτ’
1070 2676 1163 2747 εὐγενὲς

553 2760 603 2815 οὐκ
620 2759 651 2813 ἂν
670 2761 797 2832 προδοίην,
816 2761 872 2816 otte
890 2781 936 2835 περ
955 2766 1073 2834 πράσσων
1092 2772 1190 2823 κακῶς.

409 2904 474 2959 Eur.
489 2902 556 2959 Hoc.
569 2902 622 2958 842
640 2904 790 2975 (Polyxena
808 2906 844 2959 ad
862 2904 994 2977 Ulixem):

555 2992 608 3063 ὁρῶ
626 2992 660 3062 α’,
679 2987 807 3063 Ὀδυσσεῦ,
827 2992 909 3056 δεξιὰν
927 2996 971 3069 ὑφ’
990 2996 1091 3067 είματος

554 3081 695 3153 αρίπτοντα
713 3090 783 3157 χεῖρα
800 3086 845 3139 καὶ
863 3087 997 3156 πρόσωπον
1015 3086 1122 3155 ἔμπαλιν

556 3173 698 3243 στρέφοντα,
717 3174 751 3245 μη
772 3188 815 3226 σου
834 3173 961 3246 προσθίγω
980 3176 1110 3246 γενειάδος.

526 3261 529 3267 ’
555 3260 648 3330 θάρσει·
666 3263 789 3333 πέφευγας
806 3262 849 3316 τὸν
868 3263 928 3334 ίμὸν
952 3264 1044 3320 ίιιίσιον
1064 3263 1120 3319 Δία·

556 3347 592 3405 ὡς
611 3348 705 3420 ἕψομαί
721 3369 749 3420 γε
766 3347 848 3404 τοῦτ’
870 3352 1005 3423 ἀναγκαίου
1024 3358 1096 3427 χάριν

554 3435 638 3491 θανεῖν
657 3456 684 3490 τε
702 3434 839 3512 χρῄζουσα.
847 3441 869 3509 ¹)

411 3579 475 3634 Eur.
489 3578 550 3635 Hel.
564 3580 616 3633 947
636 3580 788 3648 (Menelaus
808 3583 842 3637 ad
860 3582 1043 3653 Theonoam):

555 3667 606 3737 ἐγὼ
625 3667 667 3721 σὸν
686 3664 735 3720 οὔτ’
757 3668 788 3722 ἂν
807 3678 950 3740 προσπεσεῖν
969 3672 1058 3743 τλαίην
1077 3674 1137 3745 γόνυ

557 3751 607 3808 οὔτ’
628 3756 659 3810 όν
677 3757 797 3831 δακρῦσαι
817 3758 940 3832 βλίφαρα·
958 3762 1004 3835 τὴν
1024 3760 1117 3834 Τροίαν
1135 3765 1182 3834 γὰρ
1199 3763 1229 3817 ἂν

555 3843 631 3898 δειλοὶ
650 3848 774 3917 γινόμενοι
792 3848 906 3903 πλεῖστον
925 3850 1083 3924 αίσχὺνοιμεν
1101 3853 1140 3905 ἄν.

322 4149 536 4216 conqueruntur.
575 4144 733 4216 Exemplum
751 4148 835 4204 huius
853 4151 908 4205 loci
941 4156 1030 4207 exstat
1052 4153 1082 4206 in
1101 4153 1163 4209 Eur.
1177 4154 1249 4211 Med
1264 4158 1316 4212 elo
1335 4158 1445 4227 (Medea

321 4234 356 4290 ad
375 4232 547 4303 Creontem:

557 4339 652 4409 τούμοῦ
671 4342 718 4413 γὰρ
737 4339 766 4393 οὔ
785 4360 828 4412 μοι
846 4344 954 4417 φροντίς,
973 4344 995 4397 εί
1013 4345 1176 4419 φευξούμεθα,

557 4428 655 4488 κείνους
673 4428 742 4500 (scil.
761 4431 819 4489 rode
837 4431 938 4502 παῖδας)
958 4434 985 4487 dl
1003 4436 1087 4491 κλαίω
1110 4434 1225 4511 συμφορᾷ
1248 4443 1426 4513 κεγρημίνους.

409 4535 430 4604 ¹)
450 4535 492 4590 Ol.
507 4536 594 4592 schol.
607 4537 659 4591 342
678 4539 704 4606 (I
724 4556 752 4609 p.
765 4538 800 4595 88
814 4540 902 4609 Sch.):
931 4540 1040 4597 ἐνταῦθα
1064 4540 1183 4616 ίφΰλαξεν
1212 4544 1226 4600 ό
1254 4542 1390 4619 Εὐριπίδης
1417 4549 1445 4601 τό

317 4623 427 4695 ἡρωικὸν
446 4621 527 4684 acuo:
538 4643 544 4658 ·
555 4625 584 4680 οίι
603 4628 649 4699 γάρ
668 4627 783 4681 ταπεινὸν
804 4629 864 4682 adad
883 4630 1030 4703 μεμίμηται,
1051 4632 1117 4687 ἀλλὰ
1135 4636 1355 4708 παρρησιαστικόν.
