3717 5434
938 1300 1132 1430 Theeee.

479 1604 507 1666 1.
534 1600 619 1666 Plui.
662 1619 762 1683 praec.
811 1620 875 1683 ger.
915 1602 962 1666 rei
1011 1603 1099 1685 publ.
1139 1623 1168 1686 p.
1212 1604 1302 1668 7981)
1342 1603 1511 1689 legendum
1548 1608 1599 1669 est
1638 1588 1640 1673 Ῐ

542 1742 771 1826 παρωρμημένον
810 1743 865 1804 ὑπὸ
881 1748 933 1806 τοῦ
967 1742 1054 1821 λόγου
1081 1745 1150 1828 πρὸς
1172 1746 1314 1809 πολιτείαν
1336 1746 1382 1807 καλ
1421 1744 1599 1829 βουλόμενον

541 1886 627 1969 ἀξίως
650 1938 657 1951 .
685 1938 691 1950 .
718 1938 725 1952 .

478 2032 507 2094 2.
534 2027 605 2092 Sen.
631 2028 722 2111 epist.
749 2029 824 2108 9,18
848 2030 987 2112 genuine
1012 2030 1106 2093 lectio
1134 2030 1178 2093 sie
1214 2029 1339 2095 videtur
1377 2030 1594 2094 restituenda:

544 2169 658 2251 ‘nihil',
683 2170 799 2254 inquit,
822 2167 941 2235 ‘omnia
964 2189 1035 2235 mea
1062 2190 1187 2236 meeum
1211 2171 1305 2235 sunt’.

476 2315 505 2380 ὃ.
531 2312 680 2377 Horatius
723 2332 817 2377 earm.
852 2313 885 2377 ΙΙ
904 2315 945 2378 10
978 2310 1107 2411 “rectius
1142 2313 1227 2377 vires
1252 2365 1259 2379 .
1285 2366 1292 2379 .
1319 2366 1326 2379 .
1353 2332 1452 2397 neque
1492 2314 1596 2379 altum

542 2474 664 2538 semper
706 2455 870 2538 urguendo
910 2474 1109 2540 neque...
1140 2455 1276 2520 nimium
1309 2456 1478 2537 premendo
1514 2456 1595 2521 litus

540 2596 687 2680 iniquum
712 2646 719 2660 .
746 2646 752 2660 .
779 2594 798 2663 .'
823 2615 942 2660 memor
959 2596 1021 2660 fuit
1043 2615 1150 2661 versus
1167 2596 1332 2661 cuiusdam
1348 2596 1511 2681 Euripidis
1529 2597 1596 2660 An·

541 2738 645 2822 iiepee
679 2736 804 2803 fabulae
833 2737 897 2818 (Fr.
925 2739 1020 2820 194,3
1045 2738 1083 2802 N.
1103 2738 1130 2822 ¹)
1154 2738 1308 2803 similisve
1330 2738 1407 2803 ioci:
1443 2738 1504 2823 ἐγὼ
1539 2738 1596 2821 γὰρ

541 2879 607 2945 οὔτε
662 2880 792 2944 ναυτιλον
858 2884 933 2965 φιλῶ
990 2881 1139 2963 τολμῶντα
1195 2880 1256 2943 λίαν
1315 2878 1380 2943 οὔτε
1434 2876 1597 2963 προστάτην

541 3022 656 3109 χθονός.

475 3171 505 3232 4.
531 3166 624 3231 Hom.
661 3165 720 3231 od.
758 3168 854 3231 1474
893 3165 1057 3231 recentiori
1098 3167 1205 3249 poetae
1251 3165 1390 3243 debetur,
1439 3165 1495 3248 qui
1535 3164 1595 3231 hoe

496 3338 499 3343 ·
544 3326 669 3373 eermen
693 3307 726 3372 in
755 3326 824 3372 eam
848 3327 943 3391 quem
975 3327 1059 3373 nune
1097 3309 1233 3392 legimus
1257 3308 1392 3372 formem
1415 3306 1548 3389 redegit.
