3717 5434
888 568 1090 631 ..8-

524 765 684 850 Sequitur,
708 771 746 831 ut
768 764 851 829 alius
875 764 922 829 rei
945 762 1075 849 eiusque
1098 784 1160 828 nen
1184 764 1402 830 levidensioris
1426 767 1553 832 brevem

432 874 624 940 mentionem
648 873 811 952 faciamus,
829 890 909 954 quae
933 891 996 935 nna
1020 890 1091 934 eum
1115 870 1258 936 artificiis
1281 872 1475 954 tragicorum
1498 874 1549 937 in-

433 981 557 1066 dagatis
594 979 740 1045 efficitur.
802 975 1002 1041 Comoediam
1036 977 1174 1041 Atticam
1217 998 1312 1061 quam
1353 979 1463 1044 dicunt
1502 1000 1551 1045 re-

432 1086 603 1152 centiorem
628 1084 849 1166 extragoedia
873 1084 997 1149 enatam
1036 1102 1104 1148 esse
1142 1085 1175 1148 in
1210 1086 1394 1150 uuiversum
1420 1090 1550 1153 constat.

430 1192 517 1271 Quae
555 1192 661 1275 opinio
697 1190 825 1256 videtur
864 1190 1083 1273 explicationis
1123 1190 1266 1274 indigere
1305 1210 1404 1275 neque
1436 1196 1545 1279 ambig

426 1300 530 1383 petest
553 1318 646 1382 quem
675 1298 715 1362 ad
750 1299 879 1363 medum
917 1297 1131 1379 intellegenda
1154 1297 1210 1360 sit:
1253 1298 1319 1361 tota
1353 1300 1437 1363 enim
1462 1320 1552 1408 qnaei

426 1406 509 1470 inter
532 1406 608 1470 haee
631 1404 693 1467 duo
716 1423 841 1487 poeseos
866 1422 981 1486 genera
1020 1403 1187 1467 intercedit
1222 1404 1300 1467 ratio
1323 1404 1355 1467 in
1381 1425 1415 1469 eo
1439 1406 1541 1488 posita

431 1514 487 1592 est,
513 1512 595 1594 qued
620 1511 729 1592 poetae
754 1508 863 1573 comici
888 1508 1023 1572 artificia
1046 1509 1176 1591 tragicis
1213 1510 1350 1591 probata·
1372 1511 1405 1575 iu
1430 1530 1550 1577 comoe-

430 1618 499 1681 dias
534 1616 726 1698 receperunt.
789 1615 878 1694 Quod
918 1614 1047 1697 quidem
1087 1634 1182 1697 quam
1221 1635 1329 1680 verum
1369 1618 1420 1698 sit,
1459 1618 1548 1683 lucu-

431 1723 607 1788 lentissime
630 1721 717 1805 lique
745 1722 778 1801 ¹).
827 1718 914 1797 Quae
938 1739 1010 1785 eum
1034 1720 1080 1783 ita
1100 1720 1174 1799 sint,
1200 1721 1238 1785 de
1260 1721 1381 1786 ratione
1402 1724 1468 1805 ilia,
1486 1743 1550 1807 qua

431 1829 591 1897 comoedia
614 1826 796 1891 recentioris
820 1826 932 1890 aetatis
957 1844 1029 1889 cnm
1052 1826 1216 1909 tragoedia
1239 1828 1404 1893 coniuncta
1428 1830 1485 1909 est,
1510 1850 1544 1895 eo

429 1936 546 2000 rectius
594 1952 648 1998 nos
688 1933 880 1998 iudicaturos
928 1950 994 1996 esse
1040 1933 1227 2014 putaverim,
1269 1953 1329 2017 quo
1368 1936 1543 1999 accuratius

428 2040 562 2106 artificia
586 2041 669 2123 apud
693 2041 829 2123 tragicos
859 2040 978 2103 usitata
1006 2039 1312 2121 investigaverimus.
1363 2041 1470 2105 Placet
1494 2042 1545 2107 hie

427 2166 551 2232 quoque
575 2146 823 2212 observationem
840 2146 998 2229 quandam
1022 2146 1222 2229 subiungere.
1271 2148 1316 2210 De
1330 2166 1439 2211 senum
1455 2149 1545 2213 Euri·

430 2254 596 2336 pideorum
628 2253 769 2336 personis
803 2252 1067 2317 Wilamowitzins
1099 2253 1138 2315 ad
1163 2252 1308 2318 Herculis
1345 2275 1372 2318 v.
1401 2254 1461 2317 1οῖ
1487 2254 1550 2337 (11¹

429 2381 458 2443 p.
486 2361 543 2441 ⁶28)
566 2362 643 2424 haec
667 2359 844 2424 adnotavit:
873 2359 988 2421 ‘Werm
1016 2358 1184 2440 Euripides
1210 2357 1316 2421 Graiae
1344 2360 1492 2443 cv'nsailrm,
1515 2380 1549 2422 ae

428 2466 676 2530 clearalrtemaiert
700 2486 733 2526 cv·
754 2468 799 2527 eie
822 2464 971 2543 dederet,
996 2466 1068 2526 dese
1097 2463 1190 2525 venen
1214 2465 1271 2525 das
1298 2464 1400 2529 Getes
1437 2467 1550 2530 eadmer·

430 2571 528 2656 salto,
554 2571 627 2635 eder·
649 2571 723 2632 daea
744 2572 790 2631 er'e
811 2592 871 2654 par·
909 2570 957 2633 bei
995 2572 1114 2653 einiger·
1149 2568 1338 2655 riufivpunq
1376 2592 1414 2633 zu
1442 2573 1548 2635 [roden

438 2678 549 2758 fallen,
574 2677 640 2739 und
663 2698 696 2738 cr·
719 2680 801 2761 trdqt
824 2677 875 2739 de'e
897 2674 1000 2739 Far-aa
1028 2680 1091 2759 seir·
1129 2698 1222 2739 unser·
1249 2675 1365 2759 Garum
1400 2700 1437 2740 zu
1460 2678 1548 2741 etark

429 2783 492 2867 auf
510 2784 632 2864 (Pedem
657 2782 760 2847 Andr.
784 2782 859 2847 555.
887 2779 982 2847 1077.
1008 2784 1148 2848 Kadmos
1182 2806 1212 2847 n.
1243 2782 1395 2847 Tricorios
1433 2784 1545 2851 liniet.

427 2886 493 2953 :564
522 2891 578 2953 der·
601 2888 721 2975 Psleqev·
759 2890 811 2953 dee
847 2891 1063 2973 Agamemnon
1101 2890 1152 2953 El.
1179 2888 1254 2969 490,
1296 2888 1393 2955 Iolcos
1421 2890 1546 2957 iterati.

427 2995 502 3077 602,
530 2994 602 3076 731,
635 2997 690 3058 der
716 2996 834 3079 Pslcpcv·
856 2997 908 3059 des
931 2996 1125 3059 Erechtheus
1165 2994 1224 3059 Ione
1253 2993 1325 3059 727.
1352 2994 1424 3061 739.
1451 2994 1546 3079 1172,

426 3126 484 3166 aue
506 3104 561 3165 der·
583 3103 721 3168 Parmos
753 3106 835 3164 cinea
872 3100 1103 3165 Gvea'emclrorea
1126 3104 1166 3165 r‘at
1203 3103 1282 3187 fpm.
1306 3104 1409 3187 adeap.
1434 3102 1544 3184 251'2).

427 3207 517 3286 Quod
542 3209 570 3272 si
593 3209 746 3287 tenemus,
783 3228 844 3272 uon
872 3227 948 3273 casn
978 3209 1117 3272 evenisse
1152 3209 1374 3289 iudicabimus,
1399 3212 1435 3274 nt
1458 3230 1546 3275 senos

426 3314 560 3379 eundem
584 3313 617 3377 in
641 3314 770 3378 medum
797 3314 921 3378 inducti
946 3315 1029 3398 apud
1054 3316 1204 3379 Plautum
1240 3335 1363 3399 quoque
1389 3319 1545 3399 reperian-

425 3424 487 3502 tur,
513 3420 656 3485 velutin
680 3420 895 3485 Menaechmis
920 3420 996 3503 753,
1020 3421 1077 3487 ubi
1100 3422 1331 3488 soceralterius
1348 3422 1544 3487 Menaechmi

426 3527 503 3591 haee
524 3525 658 3610 loquens
681 3526 714 3591 in
738 3546 882 3592 scaenam
899 3528 1021 3611 prodit:

587 3665 624 3722 Vt
643 3674 719 3722 aetas
738 3674 826 3722 meast
844 3672 927 3739 atque
947 3674 977 3721 ut
996 3668 1048 3722 hoe
1067 3686 1131 3723 usus
1150 3668 1261 3735 factost,

590 3754 710 3810 Gredum
729 3755 876 3825 proteram,
896 3755 1048 3825 progrediri
1066 3756 1225 3827 properabo.

521 3984 543 4053 ¹)
561 3986 612 4041 Vix
631 4002 700 4055 opus
719 3991 762 4039 est
780 3986 814 4039 de
832 3986 959 4041 artificiis
978 3985 1053 4040 velut
1072 3985 1258 4058 ἀναγνωρίσεως
1277 3986 1318 4041 vei
1337 3987 1491 4058 supplicum
1510 3988 1547 4044 ed

429 4090 491 4128 aras
520 4074 632 4130 deorum
651 4073 866 4143 confugientium
885 4090 1004 4139 mouere,
1034 4092 1103 4145 ques
1123 4076 1226 4146 pariter
1254 4076 1283 4131 in
1301 4077 1441 4148 Euripidis
1461 4084 1545 4148 atque

427 4164 456 4217 in
486 4162 580 4217 Plauti
610 4178 662 4217 usu
692 4168 774 4227 eunt;
806 4164 842 4217 ei.
873 4162 936 4231 Leo,
973 4162 1160 4221 Plautinisehe
1192 4164 1385 4235 Fersehungan
1427 4184 1454 4237 p.
1478 4167 1541 4225 144:

427 4249 580 4319 Diomedei,
598 4250 753 4306 Peleinelle
770 4268 797 4321 p.
816 4251 842 4305 9.

518 4339 540 4408 ²)
559 4338 637 4395 addo
655 4338 828 4411 Tyndareum
848 4342 876 4395 in
891 4340 988 4397 Oreste
1008 4341 1102 4397 tabule
1121 4342 1193 4409 (4⁵6.
1209 4344 1268 4397 4¹14.
1290 4344 1360 4407 629).
1398 4296 1540 4397 Eiusmodi

425 4444 504 4483 senes
524 4428 703 4499 Aristophani
735 4429 762 4481 iu
792 4430 940 4485 comoediis
972 4430 1060 4497 (vetut
1078 4432 1105 4484 in
1129 4430 1274 4497 Aeternis)
1306 4428 1425 4484 ludibrio
1452 4428 1538 4485 fuisse

423 4532 503 4569 nomo
539 4517 641 4578 nescit;
698 4518 733 4571 rt.
777 4518 916 4573 lrictcricb
961 4520 988 4572 in
1031 4516 1260 4589 Pauly-wissener
1306 4515 1378 4571 itai).
1416 4516 1469 4570 rol.
1508 4517 1545 4573 VI

423 4622 450 4675 p.
472 4606 548 4661 1226.
