3717 5434
895 536 1116 601 ..40..

527 728 592 785 Eur.
606 730 639 785 ir.
659 729 710 785 687
730 728 772 799 (ex
791 729 873 800 Syleo
892 729 1013 800 satyrica
1031 728 1130 785 fabula
1148 731 1267 802 petitum
1273 751 1280 798 ;
1306 733 1391 789 rerba
1407 733 1477 791 facit
1494 734 1565 791 ller-

537 819 561 853 .1
586 819 591 836 ι

439 818 543 886 ⁰¹¹¹⁰⁸)·
563 817 573 888 )
696 907 802 978 πίμπρη,
819 905 925 963 κάταιθε
944 910 1045 978 σάριιας,
1063 907 1223 980 ἐμαλήσθητί
1241 928 1290 978 pao

695 996 775 1051 alama
792 995 905 1048 κελαινὸν
923 996 993 1067 αἷμα·
1011 994 1103 1067 πρόσθε
1121 998 1168 1068 γὰρ
1186 999 1256 1052 κάτω

694 1090 740 1156 γῆς
757 1085 817 1139 eluro
836 1085 924 1156 ἄστρα,
942 1092 977 1157 γῆ
996 1080 1017 1137 δ’
1038 1080 1111 1138 dread
1132 1086 1157 1143 ἐς
1176 1084 1274 1157 αἰθέρα,

694 1176 750 1243 πρὶν
769 1172 794 1234 ἐξ
812 1173 875 1243 ἐμοῦ
894 1189 932 1226 σοι
950 1168 1014 1227 bina?
1037 1174 1179 1245 ἀπαντῆσαι
1201 1175 1283 1244 λόγον.

529 1372 586 1438 ΠΙ.
626 1373 685 1437 His
723 1372 817 1436 rebus
856 1370 993 1454 cognitis
1032 1372 1072 1435 ad
1109 1370 1240 1437 tertium
1284 1392 1383 1457 genus
1421 1373 1562 1441 locomm

438 1480 654 1547 communium
689 1480 720 1544 et
743 1477 777 1543 id
806 1477 1031 1562 gravissimum
1066 1478 1221 1561 venimus,
1257 1479 1341 1561 quod
1376 1481 1494 1564 pariter
1529 1484 1562 1547 et

437 1586 493 1670 qui
516 1585 590 1651 deos
614 1584 724 1670 etqui
747 1584 891 1650 homines
927 1584 1100 1667 implorant
1123 1584 1233 1649 afferre
1262 1586 1374 1667 solent,
1411 1589 1448 1653 ut
1470 1588 1557 1653 auxi·

438 1692 516 1758 lium
543 1692 605 1757 sibi
628 1692 819 1774 comparent.
867 1688 988 1768 Quodsi
1012 1708 1092 1773 quae
1115 1691 1195 1755 ratio
1230 1690 1314 1757 inter
1336 1696 1500 1777 precantes
1524 1696 1558 1759 et

439 1800 512 1864 deos
535 1800 576 1865 ad
601 1819 677 1884 quos
701 1817 807 1882 preces
823 1797 998 1863 mittuntur
1013 1796 1188 1863 intercedat
1205 1798 1451 1883 consideramus,
1474 1800 1558 1867 illud

438 1907 572 1971 maxime
610 1904 904 1970 commemoratione
951 1902 1085 1986 dignum
1131 1903 1256 1969 videtur
1302 1924 1368 1970 esse
1413 1908 1557 1989 petentes

438 2011 684 2096 diligentissime
708 2030 834 2096 operam
857 2029 982 2091 navare,
1008 2010 1043 2073 ut
1068 2010 1299 2076 necessitudine
1324 2014 1460 2096 quadam
1484 2034 1558 2080 cum

439 2119 506 2184 deis
530 2117 772 2202 coniungantur,
796 2119 960 2199 tamquam
986 2116 1013 2181 si
1037 2116 1087 2181 illi
1123 2116 1226 2183 officio
1261 2118 1394 2201 obligati
1426 2120 1558 2185 celerius

437 2226 543 2310 optata
581 2244 638 2290 sua
676 2224 798 2309 explere
837 2222 1019 2306 debeant.⁹)
1080 2222 1235 2289 Similiter
1279 2224 1334 2309 qui
1374 2226 1558 2293 bominibus

437 2331 619 2417 supplicant
641 2333 731 2398 tanto
754 2329 880 2396 facilins
904 2328 1042 2414 gratiam
1066 2348 1174 2394 eorum
1194 2331 1256 2395 sibi
1281 2332 1501 2398 conciliatores
1525 2337 1559 2399 et

437 2439 589 2504 auxilium
614 2458 647 2504 se
669 2438 892 2521 impetraturos
908 2455 976 2502 esse
1001 2437 1138 2520 sperant,
1162 2441 1279 2521 quanto
1300 2440 1414 2505 artiore
1430 2439 1558 2513 vinculo

438 2565 510 2611 curu
534 2545 579 2610 eis
602 2545 704 2609 iuncti
727 2544 802 2609 sint.
849 2543 911 2609 Sed
934 2543 1063 2628 singula
1086 2545 1292 2612 conferamus.

529 2657 560 2734 l)
582 2651 757 2735 Imprimis,
794 2651 851 2735 qni
875 2649 973 2715 alicui
997 2649 1054 2715 deo
1078 2651 1204 2736 cognati
1233 2652 1317 2734 sunt,
1354 2652 1389 2718 in
1412 2654 1561 2738 precibus

437 2760 477 2825 ad
494 2779 566 2825 eum
582 2756 716 2824 derectis
733 2778 896 2842 nunquam
912 2756 980 2822 eius
997 2757 1044 2823 rei
1058 2757 1251 2823 mentionem
1274 2758 1375 2825 iacere
1391 2760 1559 2843 omittunt,

437 2867 579 2950 exempla
612 2866 675 2931 huc
710 2864 902 2949 pertinentia
936 2864 1071 2930 Ausfeld
1100 2865 1119 2929 l.
1137 2885 1163 2930 c.
1189 2885 1218 2949 p.
1237 2868 1300 2932 532
1336 2866 1481 2951 collegit;
1517 2868 1559 2933 ci.

436 2973 584 3057 Bacchyl.
604 2972 679 3037 XVI
695 2972 737 3038 53
760 2969 819 3037 Ζεῦ
841 2968 942 3056 πάτερ,
967 2970 1099 3053 ἄκουσον,
1123 2970 1201 3055 εἴπερ
1218 2971 1270 3057 μ[ε
1292 2970 1399 3061 κούρ]α
1422 2972 1560 3039 Φοίνισσα

435 3078 611 3148 mesauri<
633 3100 678 3143 σοι
700 3079 767 3141 τέκε
789 3126 797 3141 .
824 3124 832 3141 .
857 3124 865 3141 .
889 3078 1007 3143 Eadem
1025 3078 1146 3143 ratione
1163 3080 1218 3163 qui
1235 3080 1274 3143 ad
1291 3078 1433 3146 homines
1450 3100 1558 3165 preces

437 3187 514 3251 dant
536 3186 588 3252 usi
610 3185 683 3251 illos
708 3184 792 3250 dicto
827 3184 992 3251 audientes
1027 3185 1150 3251 futuros
1188 3204 1255 3251 esse
1289 3186 1494 3269 arbitrantur,
1531 3186 1559 3253 si

437 3312 500 3378 qua
533 3292 680 3376 cognatio
714 3290 777 3357 sibi
811 3311 885 3358 cum
918 3291 964 3357 eis
1000 3292 1052 3356 sit.
1107 3291 1312 3358 Prometheus
1347 3292 1380 3357 in
1409 3292 1559 3378 Aeschyli

435 3399 545 3465 fabula
579 3398 759 3484 cognomini
794 3399 925 3464 chorum
950 3396 1155 3481 Oceanidum,
1191 3416 1281 3484 quac,
1317 3400 1354 3465 ut
1382 3398 1416 3463 Io
1439 3418 1559 3465 errores

436 3525 510 3572 suos
549 3508 701 3587 narraret,
740 3504 1006 3591 efflagitaverant,
1052 3504 1112 3570 tali
1157 3504 1249 3571 modo
1296 3504 1443 3588 precibus
1489 3504 1557 3569 suis

436 3613 566 3679 adiurat
588 3609 698 3699 (635):

693 3751 736 3805 obv
754 3753 834 3823 ἔργον,
852 3749 908 3820 Ἰοῖ,
925 3751 1005 3805 rnlcb'
1023 3753 1176 3825 ὑπουργῆσαι
1195 3754 1276 3825 χάριν,

692 3840 779 3898 ἄλλως
796 3860 826 3897 τι
843 3844 944 3899 πάντως
962 3843 1007 3897 aar
1024 3841 1183 3912 κασιγνήταις
1200 3842 1300 3911 πατρός.

524 3986 649 4053 Pariter
670 3984 705 4051 in
728 3986 832 4052 tribus
855 3985 1048 4071 tragicomm
1064 3984 1183 4051 fabulis
1201 3984 1440 4071 Clytaemestra,
1463 4002 1560 4067 qnam

437 4094 564 4160 Orestes
597 4094 822 4160 interiectums
845 4095 903 4176 est,
939 4095 977 4159 ut
1012 4091 1109 4158 matri
1142 4094 1251 4177 parcat
1274 4090 1463 4177 suppliciter
1486 4109 1560 4155 enm

435 4203 518 4267 orat:

526 4412 549 4481 ι)
566 4410 608 4469 cl.
620 4412 781 4470 beatimundo
799 4427 817 4467 a
834 4410 959 4468 Nanckic
978 4409 1105 4479 (udus
1122 4428 1151 4483 p.
1164 4408 1228 4480 bid)
1248 4414 1388 4479 congestu.

525 4500 644 4567 'illanc
672 4501 828 4572 opinionem
855 4499 930 4571 apud
956 4498 1075 4555 Graecos
1103 4498 1167 4555 inde
1196 4499 1231 4555 sb
1260 4497 1460 4569 antiquissimis
1487 4502 1558 4553 tonn-

436 4589 550 4660 poribus
568 4588 758 4661 pervulgatam
777 4590 908 4646 tractarit
926 4586 1041 4643 Ausleld
1059 4587 1078 4643 l.
1092 4604 1115 4643 c.
1135 4602 1162 4657 p.
1176 4584 1227 4641 525
1235 4604 1295 4659 sqq.
