3717 5434
848 505 1069 568 ..60-

401 703 474 767 ante
522 700 795 768 vehementissime
842 699 1020 783 abnegavit.
1091 699 1231 783 Apparet
1275 701 1412 785 utroque
1455 702 1523 767 loeo

398 808 536 873 actiones
576 809 698 874 nostras
737 808 777 871 ad
815 805 941 871 fabulae
981 805 1219 871 conformandus
1261 826 1323 871 nou
1370 827 1523 892 magnum

397 913 592 979 momentum
627 912 752 995 habere,
788 912 848 976 etsi
886 911 1120 978 concedendum
1158 914 1207 977 est
1241 914 1402 979 commode
1431 913 1523 979 Enri-

399 1020 507 1103 pidem
531 1039 583 1085 eas
606 1020 642 1085 in
664 1038 758 1084 nsum
782 1017 952 1099 vocavisse,
975 1020 1012 1083 ut
1027 1018 1300 1085 immolationibus
1321 1020 1523 1087 victimarum

346 1124 361 1131 ’
398 1126 567 1191 manifesto
593 1124 864 1209 repraesentandis
895 1123 1055 1191 efficacius
1091 1125 1212 1190 animos
1248 1128 1459 1209 spectatorum
1484 1127 1522 1191 ad

399 1232 634 1298 miserationem
679 1232 997 1316 indignationemque
1042 1234 1260 1298 commoveret.
1331 1232 1432 1298 Maior
1476 1236 1524 1299 est

398 1359 506 1405 eornm
529 1339 710 1405 dramatum
732 1357 893 1420 numerus,
917 1338 974 1404 nbi
998 1339 1118 1404 scaenis
1136 1339 1252 1430 nostris
1275 1340 1401 1406 omissis
1425 1341 1523 1405 totius

397 1446 523 1511 fabulae
546 1445 751 1512 conformatio
774 1444 935 1511 evanescit
958 1464 994 1509 ao
1019 1445 1194 1512 divellitur.
1240 1446 1291 1511 Ita
1315 1466 1417 1531 neque
1435 1447 1521 1532 lphi-

398 1552 491 1636 genia
513 1552 648 1618 Taurica
671 1572 773 1636 neque
788 1552 909 1618 Helena
931 1551 1057 1617 fabulae
1081 1551 1120 1617 ad
1143 1552 1240 1619 finem
1263 1555 1521 1639 perducerentur,

399 1658 461 1723 niei
484 1657 596 1724 chorus
627 1658 773 1741 precibus
797 1658 993 1744 Iphigeniae,
1030 1658 1177 1726 Theonoe
1212 1661 1358 1744 precibus
1382 1661 1522 1726 Helenae

397 1785 434 1831 ac
449 1764 586 1831 Menelai
602 1767 774 1831 commotae
790 1766 900 1850 fugam
919 1764 1087 1849 utriusque
1102 1768 1307 1834 occultarent.
1355 1766 1521 1833 Summum

400 1892 472 1937 vero
495 1874 690 1938 momentum
718 1873 759 1937 ad
793 1872 918 1937 fabulas
954 1872 1194 1938 conformandae
1230 1873 1367 1940 afferunt
1394 1892 1524 1939 scaenae

400 1981 526 2045 nostrae
549 1980 582 2043 iu
599 1978 788 2061 Heraclidis,
812 1978 934 2061 Medea,
952 1977 1072 2059 Oreste,
1091 1980 1163 2044 aliis
1187 1979 1370 2064 tragoediis.
1418 1980 1523 2045 Etiam

398 2085 530 2150 Hecuba
566 2084 798 2169 Agamemnoni
834 2084 1053 2169 supplicatura
1099 2088 1194 2170 negat
1239 2087 1308 2152 fieri
1355 2106 1445 2171 posse
1487 2089 1524 2152 nt

398 2191 646 2275 Polymestorem
679 2192 792 2275 puniat
826 2192 860 2273 (i.
878 2210 904 2257 e.
928 2192 966 2256 ut
989 2191 1089 2257 altera
1123 2192 1250 2259 fabulae
1280 2213 1354 2278 pars
1384 2195 1522 2276 agatur),

397 2296 462 2361 uisi
486 2298 548 2363 dux
571 2296 762 2363 Graecorum
796 2297 988 2363 assentiatur
1013 2299 1114 2379 (749).
1162 2297 1249 2377 Qnae
1281 2319 1353 2365 cum
1376 2300 1423 2365 ita
1446 2300 1522 2381 sint,

397 2405 536 2487 apparet,
587 2404 699 2489 quanti
745 2404 897 2471 momenti
939 2404 1110 2471 artificium
1150 2405 1309 2491 supplices
1349 2406 1522 2472 inducendi

398 2509 495 2575 fuerit
532 2529 605 2575 cum
640 2511 673 2574 in
708 2511 834 2576 miseris
867 2511 1036 2575 manifesto
1071 2513 1345 2596 repraesentandis
1381 2513 1452 2578 tum
1487 2512 1521 2577 in

399 2615 517 2681 fabulis
541 2615 783 2698 conformandis,
808 2616 892 2682 unde
915 2617 1056 2682 evenisse
1070 2617 1281 2701 intellegitur,
1306 2621 1338 2685 et
1353 2620 1390 2685 nt
1405 2618 1523 2683 iterum

399 2724 494 2804 atque
508 2722 625 2787 iterum
641 2723 674 2787 iu
690 2742 785 2788 usum
801 2725 1020 2805 arcesseretur,
1037 2725 1069 2788 et
1084 2725 1121 2789 ut
1136 2726 1245 2807 poetae
1261 2726 1405 2791 consulto
1421 2726 1523 2791 certos

400 2828 551 2912 quosdam
575 2830 658 2895 locos
682 2848 863 2895 communes
887 2831 1124 2914 investigarent,
1160 2831 1271 2915 quiin
1297 2833 1417 2899 scaenis
1443 2831 1523 2915 ipsis

399 2936 556 3020 fingendis
580 2935 709 3020 aliquod
731 2936 952 3002 adiumentum
987 2935 1049 3002 eibi
1079 2936 1238 3005 afferrent.
1285 2938 1371 3005 Haec
1399 2939 1427 3003 ei
1450 2956 1524 3003 vera

399 3044 485 3124 snut,
520 3062 599 3109 novo
624 3042 760 3127 quodam
784 3044 925 3127 exemplo
949 3043 1161 3110 illustravisse
1183 3044 1266 3110 mihi
1291 3046 1408 3127 videor,
1444 3044 1523 3129 quid

399 3148 509 3230 poetae
531 3147 645 3234 tragici
662 3146 773 3214 Graeci
797 3150 837 3215 ab
861 3151 906 3215 cie
930 3150 985 3233 qni
1010 3153 1115 3216 nostra
1132 3152 1234 3217 aetate
1250 3171 1358 3217 versus
1377 3153 1523 3235 pangunt

399 3255 501 3338 poetis
524 3254 687 3322 differant:
722 3255 758 3321 bi
780 3255 882 3342 magis
914 3256 1042 3341 ingenio
1065 3276 1121 3323 suo
1145 3257 1329 3342 gaudentes,
1365 3256 1414 3322 illi
1442 3260 1523 3323 arte

400 3380 494 3446 opera
516 3361 778 3447 conscripserunt.
