3717 5434
776 569 1101 631 -9-·

479 782 532 836 Sed
552 781 579 833 id
599 798 679 850 quam
700 780 768 833 mihi
788 780 870 834 facila
889 780 935 845 sit,
954 779 1027 834 haud
1046 796 1105 832 sum
1120 778 1213 832 falsus.

482 871 550 924 Nam
571 870 720 939 pernicitas
739 870 855 923 deserit:
876 869 998 921 corrsitus
1018 884 1077 921 sum

481 958 641 1016 Senectute:
662 964 789 1012 onustum
809 974 874 1025 gero
893 973 1005 1029 corpus:
1030 956 1100 1009 uires

477 1046 633 1117 Reliquere.
657 1052 689 1100 ut
707 1052 784 1101 aetas
802 1046 912 1113 malast,
932 1061 1003 1099 mers
1030 1044 1103 1098 mala
1122 1050 1223 1113 ergoet.

479 1135 549 1188 Nam
567 1152 611 1189 res
629 1134 931 1205 plurumaspessumes,
946 1150 1027 1203 quom
1040 1132 1159 1201 advenit,
1178 1132 1241 1186 fert.

478 1224 551 1290 Quies
576 1224 600 1279 si
632 1228 771 1278 autumem
797 1224 893 1290 omnis,
921 1224 1002 1276 nimis
1030 1222 1129 1290 longus
1154 1227 1278 1276 sormost.

409 1404 495 1467 Haec
519 1403 624 1465 omnia
637 1403 664 1466 si
688 1401 851 1466 nobiseum
876 1403 1070 1483 reputamus,
1095 1399 1359 1482 operaepretium
1383 1418 1438 1461 nos

322 1512 458 1575 facturos
487 1528 554 1572 esse
594 1508 827 1572 concedendum
851 1509 906 1588 est,
947 1508 974 1570 si
1009 1508 1129 1571 certum
1158 1505 1315 1589 quoddam
1340 1523 1438 1588 genus

319 1618 482 1681 actionum
521 1634 600 1698 quae
646 1614 900 1698 frequentissime
935 1614 1018 1696 apud
1058 1614 1194 1697 tragicos
1233 1611 1439 1676 inveniuntur

321 1724 496 1788 accuratius
521 1722 737 1805 indagandum
761 1721 852 1785 nobis
878 1740 1102 1804 proponemus:
1142 1738 1192 1783 eas
1218 1737 1344 1813 scamas
1370 1718 1438 1782 dieo

319 1832 350 1893 in
376 1829 491 1912 quibus
515 1829 624 1911 poetae
648 1827 849 1913 supplices
873 1827 1074 1891 induxerunt.
1122 1826 1226 1907 Atque
1240 1844 1300 1908 quo
1324 1824 1438 1888 melius

323 1936 538 2019 intellegatur,
563 1954 642 2018 quae
677 1933 814 2008 actiones
838 1934 918 1998 mihi
958 1934 990 1997 in
1027 1934 1131 1996 animo
1156 1933 1230 2011 sint,
1256 1950 1292 1995 ex
1315 1928 1439 2014 ingenti

322 2043 534 2125 exemplorum
558 2061 686 2106 numero
710 2042 864 2105 nonnulla
888 2040 999 2105 affero:

412 2153 439 2213 1.
464 2148 598 2213 Aesch.
639 2147 768 2229 Suppl.
809 2149 871 2211 347
914 2167 992 2229 sqq.
1046 2146 1147 2211 Filiae
1192 2144 1293 2208 Danai
1333 2127 1439 2226 regem

320 2255 512 2337 Argivorum
535 2254 716 2337 implorent,
742 2254 776 2318 ut
801 2273 818 2317 a
841 2253 916 2317 filiis
942 2252 1079 2335 Aegypti
1103 2272 1169 2315 sese
1193 2250 1350 2316 defendat.

413 2364 444 2425 2.
469 2360 575 2445 Soph.
601 2360 656 2424 Αἰ.
682 2363 746 2425 485
764 2380 844 2443 sqq.
892 2360 1057 2424 Tecmessa
1080 2358 1209 2422 Aiacem
1240 2359 1307 2421 orat
1331 2356 1362 2420 et
1384 2357 1438 2419 ob-

318 2469 462 2549 testatur,
487 2487 526 2531 ne
560 2470 693 2531 mortem
720 2467 781 2530 sibi
820 2466 1015 2531 consciscens
1051 2466 1154 2547 ipsam
1177 2463 1345 2546 filiumque
1368 2482 1439 2545 par-

318 2573 428 2638 vulum
452 2574 583 2638 deserat.

408 2681 437 2744 3.
463 2679 571 2761 Soph.
598 2679 683 2743 Oed.
702 2678 778 2743 Ool.
804 2680 866 2743 237
893 2697 974 2761 sqq.
1021 2678 1181 2760 Antigone
1198 2675 1325 2740 senibus
1351 2672 1440 2738 Colo-

320 2786 387 2850 neis
412 2784 581 2869 supplicat,
605 2804 644 2848 ne
668 2784 826 2866 Oedipum
851 2803 869 2847 a
892 2784 969 2847 filiis
993 2784 1109 2847 Thebis
1134 2782 1300 2846 eiectuma
1323 2781 1440 2845 finibus

319 2892 385 2957 suis
415 2891 579 2975 repellant.
882 2956 886 2962 ,

410 3000 441 3063 4,
467 2996 577 3082 Soph.
615 2999 701 3063 Oed‚
755 2997 831 3062 Col.
869 2998 933 3061 728
974 3016 1052 3079 sqq.
1112 2994 1188 3061 Oreo
1227 3015 1246 3060 a
1283 2994 1440 3059 Thebanis
1556 3035 1560 3041 -

321 3105 426 3168 iussus
441 3105 527 3168 omni
539 3125 595 3189 ope
609 3106 640 3169 et
652 3124 745 3188 opera
761 3103 916 3186 Oedipodi
929 3103 1117 3188 persuadere
1134 3102 1251 3183 studet,
1263 3102 1300 3166 ut
1312 3099 1441 3166 domum

319 3213 500 3278 revertatur.

411 3320 442 3383 5.
468 3317 578 3402 Soph.
605 3318 691 3384 Oed.
718 3317 793 3385 Col.
822 3320 907 3383 1254
932 3337 1011 3402 sqq.
1059 3317 1223 3401 Polynices
1254 3316 1341 3381 exsul
1369 3335 1441 3380 cum

320 3424 458 3489 exercitu
481 3426 630 3489 adversus
654 3426 778 3489 Thebas
815 3427 847 3488 et
881 3424 1041 3489 Eteoclem
1076 3424 1205 3488 fratrem
1244 3423 1440 3505 profecturus

322 3530 478 3614 Oedipum
513 3531 665 3611 obsecrat,
704 3534 740 3595 ut
779 3551 884 3596 seeum
920 3530 1025 3610 faciat,
1069 3529 1143 3613 quia
1181 3528 1294 3613 Apollo
1328 3529 1439 3593 vatici-

320 3640 413 3702 natus
438 3638 480 3702 sit
504 3658 587 3717 eum,
612 3656 630 3701 a
654 3658 714 3721 quo
738 3639 827 3721 pater
845 3638 984 3703 staturus
1015 3638 1065 3719 sit,
1090 3636 1250 3700 victurum
1275 3654 1351 3699 esse.

409 3747 438 3809 6.
465 3745 577 3829 Soph.
630 3744 729 3810 Phil.
786 3746 849 3809 468
897 3764 980 3828 sqq.
1044 3742 1235 3807 Philoctetes
1300 3742 1436 3824 Neopto·

319 3852 397 3916 lemi
420 3854 553 3939 genibus
577 3852 702 3933 oceidit,
728 3872 766 3917 ne
789 3854 821 3916 in
848 3851 954 3916 insula
978 3851 1101 3915 deserta
1125 3869 1158 3914 se
1181 3850 1351 3932 relinquat.
1389 3844 1391 3849 ’

411 3964 441 4025 7.
466 3960 582 4044 Soph.¹
600 3961 698 4024 Phil.
725 3960 788 4023 927
814 3979 891 4043 sqq.
939 3958 1029 4022 Idem
1046 3978 1072 4022 a·
1088 3956 1291 4041 Neoptolemo
1315 3956 1438 4039 suppli·

321 4065 412 4130 cibus
451 4068 595 4148 precibus
635 4066 807 4147 contendit,
846 4071 883 4129 ut
933 4084 1041 4129 arcum
1089 4064 1159 4128 dolo
1199 4064 1342 4145 ereptum
1378 4062 1439 4126 sibi

320 4172 479 4237 restituat.

411 4279 440 4343 8.
469 4278 551 4342 llur.
577 4278 692 4341 Andr.
718 4281 781 4342 529
807 4298 886 4362 sqq.
935 4277 1153 4343 Andromache
1168 4296 1232 4340 una
1248 4295 1319 4341 curn
1342 4276 1441 4341 filiolo

321 4386 500 4451 Menelaum
525 4384 713 4469 suppliciter
751 4386 828 4467 orat,
864 4405 903 4449 ne
943 4404 975 4449 se
1006 4383 1189 4465 interficiat3
1222 4385 1330 4448 eedem
1353 4384 1441 4448 Pelei

321 4493 454 4576 genibus
485 4493 634 4558 advoluta
672 4494 712 4556 ab
753 4511 787 4557 eo
826 4492 916 4575 petit,
955 4492 992 4556 ut
1026 4490 1209 4555 aMeuelao
1246 4510 1278 4555 se
1315 4491 1441 4554 tueatur

321 4599 397 4681 (559
422 4602 512 4683 sqq).
