3717 5434
758 562 977 637 -15-,

513 757 580 810 1215
600 757 667 810 leae
686 763 815 811 σιωπῶν
834 755 975 809 λίσσεταί
994 755 1017 807 τ’
1036 753 1082 819 ὅδ’,
1102 755 1123 807 ὦ
1144 756 1229 826 πάτερ.

599 844 655 898 ἀλλ’
674 844 775 899 αἴδεσαί
793 864 825 914 με
843 845 885 897 καὶ
903 844 1059 916 κατοίκτιρον
1080 847 1138 909 βίον.

598 934 644 999 ναί,
663 933 725 1004 πρὸς
742 933 835 999 γενείου
854 931 877 985 o’
896 932 1044 1002 ἀντόμεσθα
1062 930 1107 985 aee
1125 930 1200 1004 φίλω.

599 1022 612 1075 ὁ
631 1024 675 1092 μὲν
694 1022 794 1086 νεοσσός
812 1022 886 1087 ἐστιν,
906 1020 922 1090 ἢ
943 1022 964 1073 δ’
985 1020 1119 1093 ηὐξημένη.

599 1112 624 1164 ἓν
641 1115 794 1180 συντεμοῦσα
813 1112 894 1164 πάντα
912 1110 1007 1181 νικήσω
1025 1109 1111 1179 λόγον.

513 1201 580 1254 1250
599 1200 628 1253 τὸ
647 1207 702 1271 φῶς
722 1198 773 1253 τόδ’
793 1200 960 1270 ἀνθρώποισιν
979 1199 1079 1269 ἥδιστον
1102 1198 1206 1265 βλέπειν,

600 1293 633 1342 τὰ
651 1290 724 1358 νέρθε
744 1288 766 1341 δ’
786 1288 865 1341 οὐδέν.

362 1477 366 1484 .
406 1414 478 1479 Veri
504 1416 551 1479 est
576 1413 778 1478 simillimum
801 1432 927 1478 versum
948 1416 1031 1477 1242
1057 1412 1097 1476 ah
1120 1411 1282 1495 Euripide,
1308 1412 1345 1476 ut
1367 1414 1439 1495 pote

317 1523 372 1605 qui
396 1520 530 1582 ἱκετεύειν
554 1539 626 1584 cum
650 1520 714 1583 solo
738 1519 916 1584 accusativo
940 1538 1089 1603 personae
1106 1518 1250 1583 videatur
1274 1518 1438 1600 struxisse,

316 1626 562 1691 abiudicaudum
602 1646 678 1691 esse.
742 1626 810 1705 Quo
848 1625 980 1707 accedit,
1022 1625 1105 1708 quod
1145 1623 1439 1707 Weckleinius¹)

314 1753 422 1798 versus
443 1732 660 1797 1241-1218
677 1732 826 1797 delendos
843 1750 909 1796 esse
933 1732 1047 1811 censet,
1073 1732 1104 1794 et
1128 1731 1202 1815 quia
1225 1718 1333 1795 versus
1354 1731 1438 1795 1248

315 1841 409 1922 atque
437 1842 519 1903 1249
544 1858 654 1921 parum
681 1839 753 1921 apte
778 1838 861 1902 inter
884 1858 917 1901 se
942 1838 1136 1917 cohaereant,
1173 1838 1204 1901 et
1234 1838 1307 1920 quia
1332 1856 1438 1902 omnes

314 1946 408 2009 huius
432 1946 559 2009 fabulae
582 1944 654 2026 loci,
679 1944 796 2028 quibus
814 1944 940 2008 Orestes
965 1944 1117 2028 parvulus
1133 1944 1314 2025 inducitur,
1339 1944 1437 2008 iuter-

315 2052 450 2135 polatori
485 2051 667 2118 debeantur.
715 2052 762 2115 De
782 2052 844 2115 hac
866 2050 1044 2116 Weckleini
1081 2049 1237 2115 sententia
1272 2050 1356 2114 infra
1386 2050 1436 2115 iu-

315 2158 510 2237 dicabimus3
545 2157 610 2221 iam
634 2157 808 2238 videamus,
834 2176 896 2241 qua
920 2176 963 2237 re,
988 2156 1178 2239 quicumque
1201 2174 1328 2221 versum
1354 2158 1435 2221 1241

314 2263 447 2347 pepigit,
473 2264 628 2328 adductus
653 2263 704 2343 sit,
729 2264 766 2327 ut
789 2264 921 2328 verbum
946 2284 1018 2328 cum
1035 2282 1113 2327 novo
1134 2282 1209 2327 casu
1226 2262 1438 2347 coniungeret.
1490 2298 1492 2302 ·

314 2370 426 2434 lllueet
460 2370 617 2434 novicium
653 2389 748 2435 usum
772 2369 860 2434 verbi
884 2390 920 2435 ex
944 2370 1091 2453 analogia
1127 2370 1209 2434 alius
1248 2370 1337 2434 verbi
1374 2370 1439 2433 vim

316 2477 466 2559 precandi
489 2475 634 2541 habentis
659 2476 816 2542 exstitisse
840 2478 929 2542 cuius
954 2476 1099 2559 legitima
1116 2477 1183 2540 erat
1205 2495 1278 2541 cum
1295 2477 1439 2559 genetivo

316 2582 503 2647 coniunctio.
563 2583 599 2646 ld
635 2584 782 2667 quoniam
818 2584 852 2647 in
887 2585 991 2647 solum
1026 2582 1136 2646 δεῖσθαι
1171 2582 1266 2663 eadit,
1308 2581 1440 2645 ἱκετεύειν

316 2687 389 2755 τινύς
412 2708 468 2771 per
493 2689 671 2771 analogiam
694 2690 783 2756 verbi
805 2689 919 2752 δεῖσθαί
939 2712 1011 2757 τινος
1034 2689 1223 2773 usurpatum
1246 2708 1313 2753 esse
1338 2688 1438 2754 credi·

315 2792 427 2858 derim.
485 2793 564 2857 Rem
598 2795 645 2858 ita
679 2814 745 2859 sese
782 2795 896 2859 habere
931 2796 982 2859 rel
1017 2813 1052 2859 eo
1089 2795 1319 2877 comprobatur,
1356 2793 1439 2876 quod

316 2900 571 2983 frequentissime
610 2900 694 2985 apud
740 2900 908 2983 scriptores
955 2920 1065 2985 prosae
1112 2900 1262 2965 orationis
1309 2900 1438 2983 phrases

315 3004 447 3067 ἱκετεύειν
470 3007 518 3068 καὶ
540 3006 650 3069 δεῖσθαι
673 3008 722 3071 vel
752 3007 862 3070 δεῖσθαι
892 3008 941 3069 καὶ
975 3006 1108 3069 ἱκετεύειν
1142 3006 1363 3087 inveniuntur;
1399 3006 1438 3071 cf.

314 3112 397 3177 Plat.
423 3112 503 3194 apol.
524 3114 566 3176 34
585 3111 618 3177 C.
677 3113 810 3197 ἐδεήθη
843 3136 881 3177 τε
915 3115 974 3177 καὶ
1009 3114 1166 3177 ἱκέτευσε
1204 3112 1269 3181 τοὺς
1308 3112 1440 3181 δικαστὰς

316 3216 388 3300 μετὰ
433 3222 547 3281 πολλῶν
593 3220 733 3303 δακρύων.
803 3220 921 3287 Phaed.
956 3223 1017 3284 114
1036 3223 1071 3287 Α.
1151 3221 1287 3305 Euthyd.
1319 3220 1383 3285 282
1401 3220 1438 3284 Β.

317 3324 482 3390 Demosth.
499 3328 572 3407 215
598 3326 725 3410 δέομαι
759 3324 808 3389 οὖν
842 3328 922 3410 ὑμῶν
958 3328 1091 3404 ἁπάντων
1126 3328 1150 3389 ὦ
1179 3325 1278 3410 ἄνδρες
1312 3328 1439 3397 δικασταὶ

314 3432 371 3492 καὶ
394 3429 555 3494 ἱκετεύω.
595 3434 705 3513 itti.
731 3432 839 3514 27,68.
865 3434 973 3514 30,32.
999 3435 1107 3515 36,57.
1133 3434 1240 3515 31,14.
1259 3434 1367 3515 4219.
1385 3435 1437 3498 32.

317 3537 426 3618 43,84.
451 3539 537 3619 45,1.
565 3539 617 3603 85.
642 3539 751 3620 46,28.
788 3540 897 3618 47,43.
935 3541 1019 3621 56,4.
1057 3541 1142 3621 58,3.
1172 3542 1224 3604 21.
1251 3542 1359 3621 59,81.
1386 3542 1437 3605 85.

315 3643 530 3727 Relinquitur,
565 3646 602 3709 ut
626 3663 823 3727 quaeramus,
852 3648 968 3730 quibus
992 3647 1188 3730 temporibus
1212 3665 1278 3711 mos
1303 3645 1439 3709 ἱκετεύειν

315 3769 387 3814 cum
411 3751 556 3833 genetivo
579 3770 730 3835 personae
754 3752 897 3817 struendi
921 3738 1013 3819 natus
1031 3753 1139 3819 situel
1164 3756 1287 3837 quando
1304 3753 1439 3818 maxime

315 3856 460 3940 viguerit.
511 3856 571 3922 Sed
597 3858 634 3923 de
658 3857 708 3923 his
733 3859 810 3923 certi
835 3860 1006 3943 quicquam
1030 3860 1176 3944 indagari
1208 3861 1327 3943 nequit,
1365 3862 1439 3944 quia

317 3961 367 4026 vel
390 3961 424 4024 in
448 3964 555 4029 lexicis
583 3965 735 4048 nostris²)
769 3966 865 4045 huius
902 3985 979 4031 usus
1015 3986 1114 4032 unum
1149 3967 1230 4032 illud
1264 3968 1439 4050 exemplum

315 4088 351 4133 ex
374 4068 540 4151 Iphigenia
564 4073 729 4137 Aulidensi
753 4073 893 4138 affertur.
941 4075 1002 4139 Sed
1026 4075 1062 4139 ut
1086 4074 1124 4137 ad
1154 4093 1280 4139 versum
1300 4076 1383 4139 1242
1409 4076 1440 4139 et

315 4176 493 4240 Weclrleini
528 4178 566 4240 de
601 4198 649 4244 vv.
670 4181 887 4246 1241-1248
924 4180 1081 4245 iudicium
1120 4182 1294 4263 redeamus,
1334 4182 1439 4246 nescio

407 4423 428 4493 ¹)
448 4411 522 4480 [λύει
541 4426 586 4480 die
605 4426 804 4496 Umarheitung
822 4428 870 4482 der
892 4427 1040 4482 Aulischen
1058 4426 1203 4498 Iphigenia
1223 4430 1271 4483 dee
1285 4428 1438 4499 Euripides,

319 4511 478 4569 zeitschrift
496 4515 541 4568 fur
560 4516 604 4569 die
624 4520 720 4570 ostem.
742 4515 907 4585 Gymnasien
927 4516 961 4571 29
981 4534 1007 4587 p.
1022 4516 1082 4572 732.

405 4600 426 4668 ⁸)
447 4602 487 4657 cf.
507 4604 542 4657 Η.
561 4603 727 4673 Stephanus,
746 4603 903 4659 Thesaurus
914 4606 1027 4674 linguae
1042 4604 1161 4661 Graecae
1176 4610 1203 4675 4,
1221 4624 1248 4676 p.
1264 4607 1322 4661 570.
