3717 5434
739 561 960 628 ..33-

380 758 596 830 Eur.1ph.Aul.
611 759 680 813 1918
699 757 857 831 (Iphigenia
874 759 910 813 ad
927 758 1060 829 patrem):

547 848 581 919 μή
602 846 629 916 μ’
648 846 772 918 ἀπολέσης
790 849 902 917 ἄωρον·
920 845 968 917 ἡδὺ
986 848 1033 916 γὰρ
1052 845 1080 897 τὸ
1099 852 1154 917 φῶς

546 937 651 1006 βλέπειν.

376 1046 436 1101 Ion.
450 1046 482 1100 ir.
496 1045 531 1099 54
548 1061 573 1114 p.
587 1044 640 1098 ‘143
652 1043 700 1098 N!

548 1130 652 1203 ἐξῆλθον
671 1132 743 1201 ὑμῶν
750 1131 771 1200 ¹)
790 1132 863 1188 ίκέτις
881 1130 1034 1203 ἡβώντων
1051 1131 1142 1203 τροφὸς

545 1220 678 1292 παίδωζν,
699 1218 805 1291 βόθρους
823 1219 929 1274 λιποῦσα
948 1218 1136 1291 πενθητηρίους.

377 1369 412 1447 b)
435 1367 584 1431 Potentes
619 1337 803 1449 suppliciter
841 1383 928 1429 orare
964 1383 1032 1429 sese
1071 1366 1218 1431 dedecere
1254 1366 1408 1431 reeordat'

291 1475 473 1541 calamitate
497 1481 618 1538 coactos
642 1492 675 1537 se
699 1471 876 1555 supplicare
900 1472 1070 1537 affirmant.

379 1616 443 1671 Eur.
456 1614 552 1685 Suppl.
567 1613 601 1668 63
621 1613 734 1683 (matres
752 1613 892 1683 supplicae
911 1614 947 1668 ad
965 1612 1121 1682 Aethram):

546 1700 621 1758 ὁσίως
638 1701 695 1773 οὐχ,
713 1700 763 1753 ὑπ’
782 1700 921 1771 ἀνάγκας
940 1699 967 1752 δὲ
988 1700 1149 1773 προσπίτνου-

545 1805 576 1843 σα
594 1790 751 1861 προσαιτοῦσ’
770 1790 862 1859 ἔμολον

546 1879 687 1951 δεξιπθρους
706 1878 773 1932 θεῶν
792 1877 912 1949 θυμέλας.

456 1990 522 2044 ibid.
540 1990 587 2042 164
607 1987 751 2055 (Admetus
770 1988 805 2043 ad
824 1987 989 2056 Theseum:

740 2075 771 2127 ἐν
790 2080 835 2145 μέν
854 2075 1019 2147 αἰσχύναις
1038 2075 1093 2145 ἄγω

547 2166 641 2219 πίτνων
659 2164 720 2235 πρός
738 2163 815 2226 οὖδας
833 2165 892 2234 γόνυ
911 2163 953 2217 σὸν
973 2164 1104 2237 ἀμπίσχειν
1124 2164 1185 2237 χερί.

379 2276 444 2329 Eur.
459 2274 520 2330 Hei.
535 2274 588 2329 894
607 2273 724 2341 (Helena
742 2272 778 2327 ad
796 2270 980 2339 Theonoam):

744 2360 819 2419 ἱκέτις
837 2359 902 2431 ἀμφὶ
921 2358 963 2412 σόν
982 2359 1061 2413 πίτνω
1079 2361 1139 2430 γόνυ

547 2454 589 2504 καί
606 2448 769 2521 προσκαθίζω
787 2447 868 2503 θᾶκον
888 2448 945 2503 οίικ
963 2448 1143 2519 εὐδαίμονα.

383 2580 447 2633 Eur.
460 2578 521 2648 Iph.
534 2576 597 2632 Aul.
610 2578 663 2632 900
682 2576 895 2647 (Clytaemestra
912 2574 949 2629 ad
968 2575 1129 2642 Achillem):
1181 2556 1184 2560 ¹
1293 2568 1297 2575 '

531 2665 578 2719 οὐκ
596 2663 804 2736 ἐπαιδεσθήσομαί
821 2682 850 2736 γε
867 2671 1011 2734 προσπεσεῖν
1030 2663 1058 2716 τό
1077 2663 1119 2716 σὸν
1138 2666 1207 2734 γόνυ,

531 2752 623 2823 θνητός
641 2753 669 2805 ἐκ
687 2751 747 2812 θεᾶς
764 2752 899 2822 animost)

381 2938 441 3017 4ο)
465 2934 566 3015 Adde,
603 2934 687 3018 quod
709 2935 863 3018 petentes,
898 2934 924 2999 si
961 2934 1043 2999 sorte
1080 2932 1109 2998 ei
1144 2933 1183 2999 ad
1207 2953 1285 3019 quoa
1308 2953 1415 3018 preces

292 3043 443 3127 derigunt
466 3043 535 3125 pari
558 3042 607 3107 vel
635 3042 734 3106 simili
769 3041 951 3107 condicione
987 3044 1082 3126 atque
1119 3041 1180 3125 ipsi
1204 3043 1352 3125 utuntur,
1377 3045 1416 3108 de

296 3170 332 3215 ea
355 3170 388 3215 ro
410 3151 572 3214 monentes
596 3148 721 3214 facilius
743 3148 897 3214 auxilium
913 3167 946 3212 se
962 3148 1187 3233 impetraturos
1205 3168 1272 3214 ease
1289 3152 1417 3233 sperant

295 3258 347 3338 (of.
373 3256 503 3323 Aristot.
529 3256 609 3321 rhet.
626 3256 733 3339 B8p.
754 3256 863 3321 1386a
880 3258 938 3321 25:
973 3256 1021 3318 καί
1055 3254 1120 3323 τοὺς
1154 3255 1269 3339 ὁμοίους
1292 3255 1417 3320 ἐλεοῦσιν

293 3363 366 3426 κατὰ
390 3364 509 3446 ἡλικίαν,
545 3362 617 3425 κατὰ
641 3362 711 3446 ἤθη,
746 3361 820 3425 κατὰ
843 3362 924 3445 ἕξεις,
956 3360 1029 3425 κατὰ
1052 3362 1212 3446 ἀξιώματα,
1237 3362 1310 3426 κατὰ
1333 3362 1415 3449 γένη·

291 3470 402 3554 Apsin.
426 3490 456 3553 p.
484 3470 597 3553 318,4:
659 3472 732 3533 κινεῖ
766 3470 799 3531 δὲ
837 3466 916 3531 ἔλεον
956 3470 1003 3531 καί
1040 3469 1073 3530 τὸ
1118 3473 1169 3551 τῆς
1214 3470 1418 3552 ὁμοιοπαθείας

293 3579 444 3661 στοιχεῖον,
480 3576 538 3639 οἷον
573 3576 643 3661 ὑπὲρ
677 3575 778 3644 παιδός
811 3597 852 3643 τις
885 3574 1056 3660 ἀγωνίζεται
1085 3574 1105 3658 ἢ
1129 3577 1237 3660 μητρὸς
1259 3574 1277 3660 ἢ
1300 3576 1416 3661 πατρός·

291 3682 373 3752 οὗτος
395 3685 421 3748 εί
443 3684 490 3746 καὶ
513 3682 590 3766 λέγοι
613 3681 678 3751 τοὺς
701 3683 835 3751 δικαστὰς
863 3682 892 3745 έν
915 3686 974 3751 τοῖς
1001 3680 1088 3745 αὑτοῦ
1123 3682 1254 3765 γενέσθαι
1287 3684 1416 3767 πάθεσιν,

291 3787 372 3854 ἔλεον
395 3792 500 3874 κινήσει
524 3790 565 3859 οἷς
594 3790 679 3859 αὐτὸς
715 3789 865 3853 ἐπεπόνθει
902 3790 1054 3875 ἐπιστήσας
1087 3790 1153 3859 τοὺς
1188 3788 1271 3858 ὄντας
1304 3791 1419 3874 κυρίους

292 3901 344 3980 τῆς
364 3898 489 3983 ψήφου).

384 4073 408 4144 ¹)
428 4074 500 4141 ὑμῶν
520 4073 630 4128 videtur
649 4080 808 4146 corruptum
827 4090 896 4130 ease.

385 4162 408 4230 ¹)
429 4162 471 4216 Cf.
490 4163 552 4217 Son.
566 4162 665 4217 Troad.
680 4164 730 4217 691
752 4162 980 4232 (Αοιίποιουοίιο)ς

935 4269 978 4325 Διί
996 4286 1087 4340 genua
1109 4271 1203 4325 aooido

490 4358 615 4430 supplex,
634 4357 721 4428 Ulixe,
740 4374 905 4429 quamque
923 4359 1054 4414 nullius
1073 4360 1177 4429 pedes

489 4464 614 4503 novere
633 4447 785 4503 dextram
804 4447 951 4518 pedibus
971 4447 1130 4504 admoveo
1150 4450 1230 4505 tuis.

492 4539 622 4593 miserore
640 4538 737 4591 matria
757 4542 786 4593 et
804 4538 1045 4609 praeeo-placidus
1063 4539 1124 4610 pias

492 4628 658 4700 patiensque
675 4628 768 4699 reeipe
787 4632 840 4683 eto.

1239 4718 1257 4775 θ
