3717 5434
894 543 1172 638 -re-‚

444 738 554 818 perata
577 736 710 801 cadendi
734 734 977 819 significatione,
1008 736 1045 801 ut
1067 735 1118 800 vel
1141 735 1324 801 tarditatem
1348 738 1399 801 vel
1424 738 1568 803 decorem

444 843 494 907 vel
517 842 686 907 mollitiem
724 842 884 925 quandam
919 841 1052 906 cadendi
1089 842 1250 926 depingat’
1287 844 1318 908 et
1348 842 1432 908 infra
1454 865 1483 928 p,
1505 847 1566 911 172

443 950 591 1013 ‘Maxime
615 951 721 1014 autem
745 949 874 1030 propria
898 948 947 1013 vis
971 949 1089 1013 formae
1112 948 1213 1011 nirvevv
1237 968 1271 1013 eo
1289 952 1457 1033 comparet,
1483 952 1568 1033 qnod

444 1055 676 1138 significatione
692 1054 904 1138 amplectendi
921 1055 952 1118 et
969 1056 1008 1118 ad
1026 1073 1128 1137 genua
1144 1056 1372 1137 procumbendi
1390 1057 1567 1140 προσπίτνειν

444 1162 641 1245 (προπίτνειν),
676 1180 737 1225 non
773 1160 953 1243 προσπίπτειν
987 1160 1133 1242 usurpari
1157 1160 1256 1226 solet’.
1305 1158 1407 1239 Quam
1431 1163 1567 1246 explica-

443 1269 561 1333 tionem
596 1285 772 1349 perversam
810 1285 877 1331 esse
915 1268 1055 1349 apparet.
1100 1266 1165 1331 Neo
1189 1266 1329 1331 dubitari
1356 1270 1469 1350 polest,
1505 1289 1566 1351 qua

447 1376 496 1439 via
520 1374 557 1438 ad
583 1394 649 1438 rem
673 1374 756 1437 recte
780 1373 1016 1437 diiudicandam
1051 1373 1154 1437 incedi
1187 1373 1308 1438 debeat.
1355 1374 1498 1458 Tragiois
1523 1413 1566 1423 —

443 1481 476 1545 id
500 1480 582 1563 quod
607 1480 708 1562 primo
732 1480 845 1544 obtutu
880 1480 1071 1563 perspicitur
1096 1479 1249 1543 —verbi
1278 1480 1385 1542 πίπτειν
1408 1481 1566 1564 imprimis

443 1589 560 1651 formae
605 1587 801 1669 spondiaoae,
849 1587 1015 1651 verborum
1054 1586 1217 1668 προσ·(είσ-,
1265 1586 1323 1669 ἐρ,
1374 1588 1566 1671 <vop->elman

442 1693 578 1758 maxime
602 1693 720 1757 formae
736 1692 920 1756 molossioae
938 1692 1010 1755 usui
1026 1695 1125 1756 erant.
1173 1690 1331 1771 Quoniam
1354 1714 1427 1759 vero
1450 1695 1566 1761 alterae

445 1798 550 1864 versui
572 1798 725 1879 trimetro,
751 1796 854 1882 qualis
878 1798 910 1861 in
935 1797 1129 1881 tragicorum
1145 1818 1206 1863 usu
1232 1801 1308 1879 erat,
1333 1800 1473 1884 quinque
1487 1803 1566 1867 loeis

443 1906 541 1971 inseri
558 1906 701 1988 poterant
712 1907 747 1987 ¹),
773 1905 889 1969 alterae
907 1906 1013 1969 autem
1031 1906 1153 1969 duobus
1177 1907 1394 1972 tantummodo
1405 1906 1440 1989 ²),
1459 1911 1567 1991 poetae

444 2032 480 2077 ea
503 2013 573 2095 ipsa
596 2032 628 2075 re
652 2011 782 2077 adducti
805 2012 945 2093 primum
981 2012 1154 2094 προσπίτνειν
1191 2032 1246 2095 pro
1281 2013 1472 2096 προσπίπτειν,
1507 2015 1566 2079 ali·

444 2122 562 2203 quanto
585 2120 657 2201 post
679 2118 781 2180 πίτντιν
805 2137 860 2200 pro
877 2118 992 2187 ,πίπτειν
1028 2118 1144 2182 auxilio
1177 2119 1415 2184 arcessivorunt.
1463 2121 1565 2186 Verba

442 2225 616 2308 προσπίτνειν
640 2227 671 2291 et
693 2225 804 2306 πίτνειν,
840 2227 1046 2309 posteaquam
1071 2226 1267 2308 aliquamdiu
1299 2246 1361 2290 non
1387 2226 1449 2291 nisi
1472 2227 1565 2291 metri

444 2333 565 2398 ratione
588 2332 698 2397 habita
722 2332 872 2414 usurpata
897 2334 982 2405 sunt,
1006 2332 1170 2416 paulatim,
1196 2333 1320 2396 etiarnsi
1344 2336 1480 2398 metrum
1505 2354 1565 2399 non

444 2440 584 2523 cogebat,
609 2437 641 2502 in
666 2457 759 2502 usum
783 2439 983 2504 vocabantur.
1032 2438 1114 2502 Hine
1138 2439 1255 2504 fectum
1292 2459 1358 2504 esse
1394 2441 1492 2524 petet,
1528 2444 1565 2505 ut

444 2545 494 2609 vel
523 2546 556 2609 in
591 2544 772 2627 tragoediis,
811 2563 890 2627 qnae
925 2546 965 2608 ad
1001 2546 1141 2608 nostram
1176 2548 1310 2610 aetatem
1346 2552 1563 2629 pervenerunt,

443 2651 561 2716 formae
585 2650 673 2715 verbi
688 2654 863 2733 προσπίτνειν
887 2650 1011 2733 saepius
1032 2670 1126 2733 qnam
1151 2653 1238 2717 verbi
1254 2653 1354 2715 πίτνειν
1371 2654 1566 2736 reperiantur

443 2761 475 2822 et
498 2777 590 2822 versu
609 2777 671 2821 non
692 2758 821 2822 iubente
837 2760 877 2839 et,
903 2758 1052 2841 qnoniam
1068 2759 1174 2823 sedern
1191 2759 1349 2824 habebant
1373 2760 1405 2823 in
1422 2762 1565 2825 trimetro

445 2865 659 2947 vetustiorem,
690 2864 887 2947 paenultima
909 2864 1065 2947 positione
1090 2866 1250 2949 producta.

533 2972 592 3036 His
616 2970 751 3055 cognitis
777 2971 859 3035 unde
882 2971 1014 3053 profecti
1038 2990 1147 3035 sumus
1183 2974 1349 3037 redeuntes
1381 2974 1566 3054 locutiones

444 3079 561 3163 quibus
596 3079 737 3161 petentes
774 3078 908 3161 genibus
945 3076 1011 3142 eius
1047 3078 1086 3141 ad
1122 3097 1217 3161 quem
1248 3098 1354 3162 preces
1382 3080 1568 3164 diriguntur

442 3204 478 3249 se
502 3184 703 3249 advolventes
728 3184 778 3248 vel
802 3203 905 3267 genua
929 3184 997 3248 eius
1022 3202 1118 3249 manu
1142 3188 1307 3269 tangentes
1318 3184 1342 3267 ³)
1369 3187 1417 3250 uti
1454 3184 1567 3265 solent,

446 3290 689 3373 perlustremus:

446 3430 602 3500 προσπίπτειν
630 3430 806 3502 (προσπίτνειν)
833 3432 892 3501 γόνο
919 3432 985 3489 τινὸς
1009 3432 1072 3487 Eur.
1088 3430 1226 3487 lincaeo.
1240 3431 1300 3487 737.
1329 3432 1411 3489 Andr.
1429 3432 1486 3488 165.
1506 3432 1568 3504 lph.

551 3518 613 3574 Aul.
628 3520 688 3575 900.
707 3520 769 3576 Hei.
784 3521 845 3575 947.
864 3520 960 3591 Suppl.
977 3520 1048 3590 10⁴),

532 4227 556 4299 Ι)
575 4228 651 4297 situ,
669 4228 688 4284 l
704 4229 722 4286 l.
736 4247 763 4301 p.
778 4229 837 4286 168.
850 4230 948 4302 aaron

534 4316 557 4386 ι)
575 4317 676 4373 Formo
692 4318 762 4389 ρίνν,
790 4324 822 4373 ut
839 4334 889 4374 vox
911 4318 999 4375 vocali
1028 4320 1175 4375 terminato
1200 4320 1229 4373 in
1248 4320 1316 4375 dnae
1335 4319 1455 4389 syllabae
1474 4320 1569 4377 breves

445 4406 581 4475 desinens,
610 4406 772 4479 plerumque
800 4408 874 4478 apud
902 4409 1023 4479 tragicos
1049 4408 1130 4464 duom
1150 4408 1268 4463 trimetri
1287 4407 1390 4479 expiem
1416 4408 1451 4463 el.
1470 4407 1567 4475 wilre,

446 4496 576 4567 sugeret
595 4495 651 4550 und
670 4496 774 4562 Plorat,
793 4496 858 4567 Lpa.
875 4497 951 4561 lidi,
972 4514 999 4568 p.
1012 4498 1060 4561 6¹3
1079 4497 1160 4568 plura
1174 4496 1208 4551 de
1225 4495 1268 4550 hio
1288 4496 1398 4551 roribus
1412 4496 1568 4553 verborum·

445 4600 499 4655 quo
519 4584 615 4640 tonnis
634 4586 663 4640 in
681 4585 769 4640 altero
789 4584 871 4639 huius
889 4587 1128 4641 oomrnentotionir
1148 4584 1238 4655 capito
1258 4584 1380 4641 rueram.
