3717 5434
913 558 1110 621 ..6-

454 734 616 817 poetarum
657 733 778 799 ratione
806 735 931 800 tabulas
970 736 1186 801 conscribendi
1226 739 1390 803 edocemur
1428 739 1459 803 et
1487 740 1570 823 quod

452 840 576 904 αἰσίου
610 842 730 905 ratione
764 844 928 925 perspecta
956 842 995 907 de
1030 842 1160 926 tragicis
1200 861 1368 927 eorumque
1398 845 1463 909 arte
1486 847 1570 911 recto

454 947 588 1011 iudicari
612 948 731 1031 nequit,
756 947 829 1012 aliis
851 967 975 1031 qnoque
998 950 1091 1012 rebus
1115 949 1269 1013 eiusmodi
1293 951 1569 1016 commentationes

451 1052 602 1117 videntur
625 1052 836 1117 emolumento
865 1056 896 1117 et
930 1054 1065 1119 utilitati
1101 1074 1176 1119 osse.
1226 1055 1459 1139 Nonnunquam
1484 1057 1567 1121 enim

453 1148 511 1222 hac
537 1158 587 1222 via
610 1158 830 1223 incedentibus
847 1159 937 1248 nobis
962 1161 1141 1245 contingere
1165 1163 1277 1244 potest,
1307 1163 1344 1224 ut
1367 1163 1510 1227 artificiis
1535 1181 1570 1227 cx

451 1263 585 1347 integris
613 1264 732 1328 fabulis
770 1264 930 1348 indagatis
969 1263 1110 1330 nitamur
1148 1268 1180 1330 in
1222 1266 1392 1350 deperditis
1418 1269 1569 1333 dramatis

451 1369 666 1434 restituendis.
713 1369 762 1432 Ad
788 1390 883 1453 quam
900 1389 964 1434 rem
983 1371 1075 1453 plane
1100 1391 1135 1434 ao
1158 1372 1297 1436 dilucide
1321 1376 1569 1456 cognoscendam

450 1476 543 1539 liceat
566 1474 645 1539 mihi
675 1475 850 1559 exemplum
886 1476 1014 1559 aliquod
1051 1477 1232 1559 adiungere.
1278 1478 1443 1561 Euripides
1466 1481 1498 1542 in
1524 1480 1568 1544 eis

449 1599 526 1664 quas
549 1582 696 1645 manibus
725 1583 869 1646 tenemus
899 1581 1016 1647 fabulis
1056 1588 1103 1647 ter
1137 1584 1286 1665 virgines,
1312 1586 1408 1649 semel
1432 1605 1565 1668 puerum

450 1688 517 1752 deis
553 1687 762 1752 immolandos
799 1688 940 1752 induxit:
984 1688 1154 1753 Macariam
1193 1688 1225 1754 in
1261 1690 1449 1771 Heraclidis,
1474 1692 1566 1775 Poly-

448 1814 558 1858 xenam
602 1795 634 1857 in
675 1795 814 1874 Hecuba,
853 1794 1054 1878 Iphigeniam
1109 1796 1141 1858 in
1182 1795 1349 1879 Iphigenia
1387 1797 1566 1879 Aulidonsi,

448 1900 650 1964 Menoecenm
674 1901 705 1963 in
742 1899 935 1966 Phoenissis.
982 1898 1069 1977 Quae
1108 1901 1246 1966 actiones
1283 1922 1389 1967 omnes
1427 1904 1510 1967 inter
1534 1923 1566 1968 se

448 2006 631 2071 simillimae
655 2009 744 2070 sunt:
795 2006 846 2088 (l)
871 2006 1044 2071 immolatio
1080 2026 1135 2090 por
1171 2010 1255 2072 vates
1292 2008 1462 2085 (Heraclid.
1488 2012 1562 2075 403.

448 2113 517 2195 Iph.
543 2112 616 2177 Anl.
643 2114 694 2178 89.
720 2111 837 2176 Phoen.
863 2115 950 2194 911),
976 2114 1009 2176 in
1033 2113 1163 2178 Hecuba
1186 2114 1294 2178 fabula
1328 2135 1383 2197 per
1406 2112 1564 2179 Achillem

446 2221 607 2283 mortuum
630 2219 1006 2303 (40.110)p0stnlatur;
1040 2224 1084 2301 (i)
1108 2222 1253 2303 parenetes
1278 2220 1426 2285 affinesve
1450 2222 1564 2285 liberos

448 2327 532 2389 tueri
557 2327 605 2390 vel
621 2325 782 2390 flebilibus
806 2345 878 2390 cum
903 2327 1050 2390 lamentis
1075 2346 1113 2390 ne
1148 2326 1186 2388 ad
1212 2329 1344 2390 mortem
1368 2328 1565 2391 abducantur

450 2432 603 2515 impedire
628 2432 755 2497 student
779 2431 950 2511 (Heraclio,
977 2434 1050 2495 543.
1087 2432 1161 2495 Hec.
1189 2434 1262 2495 ⁸251.
1295 2432 1366 2515 Iph.
1392 2433 1462 2498 Aul.
1489 2434 1565 2498 900.

450 2542 543 2603 1146.
580 2538 697 2603 Phoen.
724 2540 820 2622 919);
867 2540 914 2618 (3)
938 2538 1084 2602 victimae
1122 2538 1206 2601 ultro
1245 2539 1455 2603 immolandas
1494 2558 1560 2603 sese

446 2645 582 2710 offerunt
593 2644 766 2727 (Heraclio.
786 2646 951 2709 coellec.
970 2645 1044 2709 342.
1058 2644 1130 2727 lph.
1147 2642 1221 2709 Aul.
1241 2644 1336 2709 1368.
1351 2644 1562 2725 Phoen985).

446 2754 471 2817 lt
496 2752 667 2834 deperditis
693 2769 762 2815 vero
786 2750 905 2815 fabulis
930 2750 1110 2832 Euripideis
1135 2771 1206 2815 cum
1231 2751 1311 2815 aliae
1335 2754 1403 2815 tum
1428 2750 1561 2816 Phrixus

446 2858 695 2923 immolationem
719 2858 925 2942 praebebant;
971 2862 1193 2939 argumentum
1229 2857 1323 2921 huius
1357 2858 1509 2921 dramatis
1533 2860 1564 2921 et

449 2965 567 3049 Hygini
591 2965 700 3029 fabula
719 2965 819 3027 altera
843 2965 942 3028 ateis
979 2964 1157 3027 continetur
1181 2982 1260 3045 quae
1284 2961 1496 3044 Apollodorus
1528 2964 1561 3027 in

446 3070 639 3135 bibliotheca
664 3072 746 3151 1,9,1
778 3069 935 3153 perhibet:

534 3175 680 3259 Apollod.
702 3178 800 3257 1,9,1:
833 3180 889 3236 τῶν
912 3176 946 3239 δὲ
971 3174 1076 3261 Attiou
1092 3174 1201 3237 παίδων
1225 3173 1361 3257 Ἀδάμας
1384 3173 1563 3238 δυναστεύων

446 3278 587 3350 Βοιωτίας
620 3281 653 3344 ἐκ
692 3278 826 3366 Νεφέλης
859 3286 954 3345 τεκνοῖ
984 3283 1073 3345 παῖδα
1109 3282 1160 3365 μὲν
1200 3284 1311 3363 Φρῖξον,
1351 3280 1498 3365 θυγατέρα
1532 3281 1564 3344 δὲ

448 3384 570 3471 Ἕλλην.
596 3385 677 3456 adhc
699 3388 732 3450 δὲ
756 3386 821 3450 Ἰνὼ
845 3392 942 3471 γαμεῖ,
966 3388 994 3464 ἐξ
1017 3386 1052 3471 ἧς
1075 3386 1154 3474 αὐτῷ
1169 3385 1302 3471 Λέαρχος
1314 3388 1361 3450 καὶ
1386 3383 1563 3471 Μελικέρτης

446 3494 583 3577 ἐγένοντο.
631 3493 856 3580 ἐπιβουλεύουσα
879 3496 911 3557 δὲ
935 3492 1000 3556 Ἰνὼ
1031 3498 1089 3563 τοῖς
1113 3491 1245 3581 Νεφέλης
1268 3492 1373 3562 τέκνοις
1397 3490 1492 3557 ἔπεισε
1514 3493 1564 3561 τὰς

443 3606 579 3684 γυναῖκας
593 3601 641 3663 τδν
664 3602 754 3683 πυρὸν
778 3600 904 3684 φρύγειν.
943 3605 984 3684 γῆ
997 3600 1028 3662 δὲ
1051 3599 1269 3685 πεφρυγμένους
1291 3598 1398 3682 πυρούς
1420 3598 1563 3684 δεχομένη

444 3706 570 3792 καρπούς
603 3706 732 3789 ἐτησίους
775 3705 828 3767 oda
861 3705 1001 3771 ἀνεδίδου.
1051 3706 1095 3769 διδ
1140 3704 1261 3789 πέμπων
1298 3706 1315 3767 δ
1350 3704 1486 3789 Ἀδάμας
1524 3704 1563 3773 εἰς

444 3989 520 4045 aqq.;
537 3969 691 4026 Puloinella
709 3970 762 4041 pt
780 3985 853 4041 eqq.;
876 3969 910 4023 Η.
929 3968 1050 4033 liarriea,
1068 3968 1179 4039 magici
1199 3966 1297 4023 Graeci
1316 3984 1371 4039 qua
1390 3973 1450 4023 arte
1468 3970 1496 4024 in
1515 3969 1562 4024 de·

446 4060 592 4116 scribenda
603 4060 711 4115 insania
728 4058 771 4114 uel
790 4060 854 4125 aiat,
880 4057 953 4113 Diae.
974 4055 1071 4125 hiliae,
1087 4056 1167 4125 1891;
1187 4056 1217 4113 c.
1237 4056 1334 4127 liaym,
1354 4057 1396 4113 Do
1414 4074 1560 4129 puerorum

445 4151 473 4204 in
492 4165 523 4204 re
544 4148 671 4205 amnica
688 4146 855 4203 Graecorum
872 4146 1008 4219 partibus,
1027 4146 1099 4202 Diae.
1122 4144 1189 4217 phil.
1217 4144 1279 4203 Hal.
1309 4146 1361 4201 rol.
1383 4146 1423 4203 lt.
1454 4162 1517 4217 para
1535 4146 1563 4215 4,

446 4237 512 4293 1897
522 4252 530 4303 ;
552 4236 706 4304 Detachctt,
731 4236 773 4291 Do
791 4236 996 4307 tragoediarum
1015 4234 1181 4292 Graecarum
1200 4234 1415 4291 conformatione
1434 4235 1560 4291 amnica

444 4342 477 4380 ao
496 4325 658 4391 dramatico,
688 4325 763 4381 Dira.
792 4324 942 4396 Gottingae
975 4324 1056 4393 19043
1094 4324 1236 4381 Dieterich
1264 4326 1292 4379 ta
1322 4320 1560 4393 Pauly-wama,

440 4411 787 4483 R.·tt.n.v.1tmiptoec;
825 4413 866 4468 W.
886 4413 994 4481 Falso-h,
1023 4412 1129 4479 Quibus
1157 4412 1282 4467 artificiis
1310 4409 1440 4465 adhibitis
1459 4416 1561 4480 poetae

442 4502 543 4572 tragici
564 4500 664 4555 Gracci
681 4502 804 4555 solutes
822 4500 886 4555 illae
904 4508 934 4555 et
963 4502 1092 4571 temporis
1122 4506 1150 4555 et
1176 4498 1228 4553 loci
1248 4496 1459 4565 observaverint,
1481 4498 1561 4555 Brea·

444 4588 523 4645 lanar
541 4588 746 4659 Philologiache
764 4588 992 4659 Abhaudlungen,
1012 4588 1063 4643 vol.
1084 4590 1109 4653 9,
1129 4602 1192 4657 para
1206 4588 1231 4641 4.
