3717 5434
759 577 980 643 ..23-

311 778 376 842 462
401 796 448 860 sq.
472 776 546 858 ἀλλ’,
582 775 607 837 ὦ
642 748 831 860 phaedra?
859 769 1040 858 Εὐριπίδη,
1075 775 1152 837 τουτὶ
1186 772 1280 859 μόνον,
1304 772 1353 845 δός
1386 798 1433 860 μοι

312 883 455 968 χυτριδιον
483 883 609 968 σπογγίιρ
638 880 821 968 βεβυσμένον.
868 880 985 964 Lysist.
1013 882 1087 945 872.
1112 880 1195 945 Nub.
1223 882 1328 965 110¹).

401 1063 430 1126 2.
456 1060 525 1126 Non
551 1080 620 1125 raro
646 1058 831 1141 blanditiae,
857 1058 973 1141 quibus
1008 1060 1150 1142 petentes
1175 1060 1296 1126 animos
1324 1080 1430 1127 eorum

312 1187 389 1251 quos
424 1169 589 1233 obsecrant
623 1167 663 1231 ad
698 1165 951 1232 benevolentiam
990 1166 1118 1231 allicere
1152 1168 1315 1249 conantur,
1349 1187 1432 1233 ccm-

312 1275 419 1359 plures
457 1294 564 1340 versus
604 1274 766 1339 continent
775 1271 813 1357 ¹),
861 1272 951 1337 cuins
996 1272 1042 1337 rei
1080 1272 1218 1356 primum
1257 1276 1434 1359 exemplum

312 1381 462 1466 Aeschyli
486 1380 650 1465 Supplices
675 1380 852 1462 perhibent,
876 1378 934 1444 ubi
958 1380 1061 1444 Danai
1096 1378 1182 1445 filiae
1205 1399 1312 1463 regem
1336 1382 1432 1465 Argi-

314 1509 435 1570 vorum,
475 1489 530 1571 qui
577 1488 684 1570 optata
722 1505 828 1551 eorum
868 1485 992 1551 efficere
1021 1486 1155 1568 dubitat,
1194 1486 1245 1551 his
1285 1487 1434 1553 laudibus

315 1596 465 1660 efferunt:

474 1736 529 1791 370
546 1734 576 1788 σι’)
594 1749 634 1790 τοι
660 1734 739 1804 πόλις,
769 1735 800 1788 συ
828 1734 854 1788 δὲ
884 1734 913 1788 τὸ
938 1734 1036 1807 δάμιον,

544 1823 657 1897 ιιρὺτονις
675 1824 773 1895 ἄκριτος
791 1822 837 1890 ὢν,

545 1912 672 1984 aparinen:
692 1913 786 1984 βωμόν,
808 1911 891 1966 ἑστίαν
908 1912 1009 1984 χδονός,

545 2000 716 2073 μονοψήφοισι
733 2001 848 2072 νεύμασιν
868 2000 947 2071 cebet,

549 2091 761 2163 μονοσκήπτροισι
779 2088 828 2143 δ’ἐν
846 2088 944 2161 θρόνοις
963 2091 1037 2161 χρέος

547 2187 596 2233 πᾶν
615 2178 768 2253 inrepertum·
800 2179 860 2250 ἄγος
879 2178 1017 2251 φυλάσσου.

405 2326 527 2390 Deinde
562 2343 634 2390 vero
673 2323 856 2407 speciminis
891 2342 987 2389 causa
1022 2324 1184 2407 Euripidis
1218 2314 1367 2391 Hecubae
1389 2325 1436 2391 ia-

316 2434 410 2498 bulae
434 2451 540 2498 versus
566 2432 628 2496 287
655 2450 722 2514 sqq.
747 2431 926 2513 afferamus,
951 2431 1008 2496 ubi
1020 2432 1150 2496 Hecuba
1173 2433 1213 2497 ab
1234 2432 1325 2497 Ulixe
1347 2433 1438 2516 petit,

316 2543 352 2605 ut
388 2539 499 2604 Graeci
538 2539 669 2604 eandem
706 2557 801 2621 quam
840 2538 934 2604 Troia
973 2539 1150 2622 expugnata
1189 2539 1439 2605 misericordiam
1512 2550 1513 2553 ’

317 2647 491 2730 Polyxenae
515 2648 546 2709 et
569 2646 630 2729 ipsi
660 2645 816 2711 tribuant:

639 2786 725 2840 ἐλδὼυ
736 2786 797 2844 δὀἰς
814 2785 943 2858 Ἀχοιιιιιδν
962 2786 1066 2861 στρατὸν

549 2876 734 2947 πορηγὸρησον,
752 2875 788 2934 ὡς
807 2874 957 2929 cumben
974 2875 1065 2947 φδόνυς

548 2972 677 3037 γυναῖκας,
697 2965 732 3023 d<
759 2964 793 3018 τὸ
821 2972 945 3037 πρῶτον
968 2966 1024 3019 cta
1042 2964 1210 3021 ἐκτείνωσι

550 3058 664 3125 βωμῶν
684 3056 929 3125 ἀποσπάσαντις,
950 3054 1016 3109 ἀλλ’
1035 3050 1208 3127 ᾦιιτίρατε.

412 3200 466 3263 Bis
491 3200 599 3264 laudes
624 3199 664 3263 ab
687 3198 865 3282 hospitibus
890 3199 1078 3283 suppliciter
1116 3200 1278 3264 crantibus
1301 3200 1442 3283 prolatae

322 3325 383 3371 non
408 3308 567 3371 adunam
592 3323 768 3389 personam,
800 3306 856 3370 sed
890 3307 930 3370 ad
967 3306 1076 3371 urbem
1111 3305 1250 3371 Athenas
1280 3308 1439 3391 spectant:

319 3415 404 3479 hunc
421 3415 453 3477 in
477 3414 606 3477 modum
626 3414 693 3477 sine
716 3414 783 3478 ullo
809 3413 933 3496 negotio
956 3414 1065 3494 poetae
1081 3412 1261 3495 effecerunt,
1278 3416 1316 3479 ut
1338 3414 1442 3497 patria

320 3522 352 3584 in
378 3538 490 3585 scaena
519 3520 744 3585 celebraretur:

411 3659 757 3733 Eur.Hcraclid.189cqq.
776 3660 881 3730 (ΙοΙοοο
900 3660 935 3717 ad
954 3678 1118 3731 praeconem
1137 3660 1310 3731 Eurysthei):

666 3767 683 3840 ἦ
702 3767 744 3822 τὸν
771 3763 897 3840 Ελλήνων
915 3766 973 3840 ὅρον

413 4017 434 4085 ¹)
453 4017 529 4073 Adde
548 4019 621 4090 quod
646 4017 720 4089 apud
751 4018 880 4072 Plautum
899 4022 928 4072 et
948 4017 1107 4073 Terentium
1134 4032 1243 4088 quoquc
1271 4021 1397 4088 petentes
1416 4018 1445 4072 in

321 4106 449 4177 precibus
468 4106 592 4176 epitheta
609 4124 663 4161 non
682 4107 771 4161 sclam
791 4106 899 4173 afferre,
918 4106 972 4163 sed
1008 4108 1093 4161 ctiam
1122 4105 1261 4161 cumulare
1280 4106 1382 4172 colent;
1409 4108 1445 4161 cl.

323 4213 347 4251 e.
368 4214 390 4250 c.
411 4195 502 4251 Plaut.
522 4194 626 4251 Cornie.
639 4196 673 4249 lr.
692 4200 708 4252 6
727 4200 756 4250 te
770 4195 891 4263 obscero,
916 4195 1002 4266 Lyde,
1019 4194 1133 4265 pilleum
1156 4211 1255 4263 meum,
1274 4196 1311 4250 mi
1331 4195 1442 4265 sodalis,

321 4301 382 4339 maa
401 4284 558 4341 salubritas.
595 4283 670 4339 Asin.
691 4285 743 4341 664
761 4303 802 4356 sq.
821 4286 885 4342 Ter.
909 4285 977 4340 idun.
991 4284 1035 4340 95.

410 4372 495 4442 ¹)Gl.
525 4373 648 4429 Anarim.
679 4373 748 4429 rhet.
781 4392 806 4445 p.
831 4376 875 4442 dl,
903 4375 919 4427 'l
950 4372 1058 4446 Spin:
1096 4373 1181 4430 ἕποιτο
1213 4375 1274 4441 τοδς
1302 4374 1445 4435 ἀκούοντας

322 4462 414 4533 ἐπαίνῳ
445 4463 619 4533 θεραπευτέον,
662 4462 768 4521 δικαίως
805 4466 850 4518 zat
879 4470 1006 4536 νουνεχῶς
1034 4464 1094 4522 τοὺς
1124 4465 1223 4535 λόγους,
1264 4464 1301 4530 ὡς
1332 4464 1447 4533 εἰώθασι,

323 4552 472 4621 δοκιμάζειν.
505 4554 571 4608 ibid.
590 4571 617 4623 p.
636 4553 698 4620 863
718 4553 768 4624 χρὴ
787 4553 874 4606 δὲκαὶ
893 4553 953 4618 τοὺς
972 4554 1092 4611 δικαστὰς
1110 4552 1203 4624 ἐπαίνῳ
1223 4555 1390 4625 θεραπεῦσαι,
1409 4556 1447 4615 ως

323 4641 439 4695 διιιοιστοιὶ
458 4641 549 4696 δίκαιοι
566 4643 607 4695 aad
626 4642 699 4695 διινοί
717 4643 768 4696 ulcr.
