3717 5434
775 1591 919 1711 caput
952 1593 983 1689 Ι.

410 1822 607 1905 Quicumque
643 1821 771 1902 confert,
817 1824 893 1904 quot
929 1822 1071 1886 dramata
1106 1822 1161 1906 qui
1194 1823 1287 1887 hodie
1335 1843 1440 1889 versus

324 1931 444 1995 faciunt
468 1930 576 2011 poetae
600 1929 738 2012 quotque
763 1931 871 2011 poetae
905 1928 1020 2009 tragici
1044 1928 1156 1993 Graeci
1191 1948 1320 1995 scaenae
1355 1950 1440 1995 corn-

323 2036 479 2115 miserint,
518 2034 669 2099 admirari
708 2034 811 2115 debet,
851 2036 968 2116 quanto
1003 2036 1109 2117 piures
1145 2036 1269 2099 fabulas
1301 2036 1368 2109 illis
1407 2037 1441 2101 hi

323 2143 516 2225 scripserint.
565 2140 662 2205 Cuius
702 2140 747 2204 rei
785 2141 938 2223 quidnam
976 2161 1087 2206 causae
1126 2142 1167 2205 sit
1190 2142 1223 2205 in
1259 2143 1438 2207 universum

323 2249 447 2312 videtur
470 2248 553 2312 inter
578 2247 660 2311 viros
685 2247 789 2311 doctos
819 2247 971 2311 constare.
1018 2248 1086 2311 Iam
1122 2246 1280 2313 Gustavus
1305 2249 1442 2332 Freytag

325 2356 356 2418 in
380 2356 462 2419 libro
487 2355 542 2437 qui
567 2353 629 2419 ‘die
644 2352 786 2418 Technik
803 2353 856 2418 des
881 2353 1024 2418 Dramas’
1045 2354 1230 2419 inscribitur
1253 2356 1291 2419 de
1314 2354 1440 2437 tragoe-

324 2461 377 2524 dia
404 2460 522 2523 Graeoa
560 2461 605 2525 ita
640 2460 794 2525 iudicarit
839 2461 900 2540 (ed.
925 2460 1067 2539 alterius,
1107 2461 1180 2543 Lps.
1209 2462 1303 2543 1812,
1330 2482 1359 2543 p.
1387 2462 1440 2544 2):

325 2564 459 2630 ‘Gcrade
481 2569 531 2628 ein
557 2565 774 2651 auspebitdeteo
804 2565 923 2650 Spotern
945 2588 1003 2629 ocra
1027 2566 1347 2652 Detac'loorsctrc'flec,
1373 2570 1440 2631 eino

323 2673 436 2735 richere
460 2674 495 2733 ira
517 2672 690 2734 nationale
716 2671 911 2736 Gewotnoeir
945 2674 1117 2736 mercatoria
1144 2672 1384 2758 Beoctrci'nkunq
1407 2676 1443 2737 c'rc

335 2778 422 2840 Wahl
467 2780 522 2840 der
559 2776 656 2861 Stoffo
691 2778 759 2839 und
799 2778 872 2840 Bau
897 2780 970 2853 „der
1011 2777 1119 2843 Scaeae
1172 2780 1244 2841 sind
1292 2800 1331 2841 zoa
1376 2800 1443 2843 cer·-

322 2884 502 2946 scticdencn
527 2884 634 2947 Zostera
657 2885 707 2946 die
743 2883 818 2946 besee
843 2882 943 2967 Hrilfc
982 2886 1036 2947 dcc·
1068 2884 1309 2969 sclcdpjerc'sclrec
1348 2885 1445 2969 Kraji

322 3012 465 3074 percaeca.
526 2990 573 3053 „la
606 2993 650 3052 sie
683 2992 766 3071 sind,
801 3012 834 3056 oo
878 2992 995 3055 orheim
1028 3012 1067 3072 eo,
1103 2992 1293 3076 notweadc'qe
1334 2990 1443 3055 Verbe-

325 3099 467 3181 dc'npunp
484 3097 575 3179 jener
597 3097 781 3161 reiclclr'clrea
806 3098 1047 3177 Produlctr'vc'to'r't,
1065 3098 1171 3161 welche
1192 3120 1252 3160 uras
1268 3098 1301 3161 ic
1324 3100 1445 3183 eicipen

329 3203 477 3265 lton'oden
501 3204 555 3266 der·
585 3203 828 3289 Verpanpercdec't
862 3203 1046 3287 ru'thsellzaft
1068 3204 1135 3266 und
1158 3203 1376 3289 ucbegsrecfle'elr
1399 3226 1445 3267 er·-

221 3308 224 3312 ’
324 3307 450 3371 scheint’
463 3311 496 3389 ¹).
543 3310 580 3373 Iu
604 3310 663 3374 tali
693 3310 811 3375 iudicio
846 3311 989 3392 quamvis
1024 3310 1059 3374 in
1081 3312 1264 3374 universum
1288 3310 1445 3375 laudando

328 3435 387 3479 non
418 3416 681 3499 acquiescendum
716 3417 777 3480 cst.
825 3416 955 3481 Summa
991 3416 1076 3479 euim
1117 3416 1163 3479 rei
1202 3416 1327 3499 cognita
1365 3416 1444 3481 haec

326 3522 426 3585 altera
450 3521 592 3604 quaestio
617 3522 727 3602 oritur,
752 3540 831 3605 quae
855 3522 912 3585 aut
935 3522 1043 3605 qualia
1067 3520 1194 3605 singula
1206 3522 1372 3605 praecepta
1395 3522 1446 3586 vel

328 3628 461 3694 artificia
485 3628 614 3707 fuerint,
639 3647 718 3711 quae
749 3628 850 3713 poetis
889 3628 972 3693 illud
1012 3628 1230 3692 adiumentum
1269 3626 1303 3689 in
1327 3626 1446 3691 sabulis

329 3735 550 3817 componendis
567 3735 724 3800 afferrent.
772 3733 873 3812 Quam
891 3735 1019 3816 quidem
1036 3754 1101 3798 rem
1118 3733 1168 3798 his
1193 3733 1343 3815 proximis
1367 3735 1446 3797 tem-

328 3842 457 3925 poribus
482 3841 625 3925 aggressi
649 3842 709 3905 viri
734 3842 818 3906 docti
841 3861 903 3905 non
940 3840 1130 3923 nequiquam
1168 3841 1306 3903 laborem
1342 3858 1446 3903 susce·
1519 3886 1523 3893 .

325 3946 487 4029 peruut¹).
533 3948 677 4031 Namque
714 3949 935 4029 praeterquam
973 3947 1057 4029 quod
1097 3946 1155 4011 hoc
1193 3964 1255 4009 uuo
1293 3946 1385 4009 modo
1410 3947 1448 4010 de

423 4210 445 4279 ¹)
465 4210 504 4266 Oi
518 4214 602 4265 etiarn
621 4227 692 4280 quae
710 4210 933 4265 Wilamowitaius
945 4210 1086 4265 adnotavit
1104 4212 1132 4263 in
1152 4210 1262 4265 ‘Kuitur
1275 4210 1323 4265 der
1342 4209 1447 4280 Gegan-

331 4298 406 4355 wart'
426 4300 482 4355 18ι
501 4318 527 4370 p,
538 4298 591 4354 235
609 4301 751 4354 ‘Bewuaste
769 4298 954 4369 Ramnetum,
972 4298 1055 4369 Repu
1078 4301 1132 4352 und
1149 4296 1246 4354 Macte
1265 4300 1384 4355 lemactt
1399 4318 1451 4353 nur

332 4408 366 4443 zu
384 4390 444 4444 sedr
461 4390 502 4445 bei
518 4390 569 4444 den
588 4385 734 4444 Grtecten!

421 4478 443 4543 Ι)
462 4478 521 4532 Huc
551 4478 675 4533 maxime
705 4476 952 4531 commentationes
989 4476 1144 4532 afferendae
1183 4480 1259 4529 suut:
1299 4475 1451 4543 Dictorich,

335 4564 528 4620 Selilaisconen
548 4567 597 4620 aui
620 4568 668 4621 der
697 4566 834 4621 attisohen
862 4566 968 4632 Birhnc,
999 4566 1068 4620 Mus.
1098 4567 1185 4620 Rheu.
1214 4566 1257 4632 46,
1275 4566 1352 4631 1891,
1370 4581 1397 4631 p.
1417 4562 1450 4615 25
