<?xml version="1.0" encoding="UTF-8"?>
<!DOCTYPE html PUBLIC "-//W3C//DTD XHTML 1.0 Transitional//EN"
    "http://www.w3.org/TR/xhtml1/DTD/xhtml1-transitional.dtd">
<html xmlns="http://www.w3.org/1999/xhtml" xml:lang="en" lang="en">
 <head>
  <title>
</title>
<meta http-equiv="Content-Type" content="text/html;charset=utf-8" />
  <meta name='ocr-system' content='tesseract 3.04.00' />
  <meta name='ocr-capabilities' content='ocr_page ocr_carea ocr_par ocr_line ocrx_word'/>
</head>
<body>
  <div class='ocr_page' id='page_1' title='image "./quaestionestrag00wittgoog_0032.png"; bbox 0 0 3717 5434; ppageno 0'>
   <div class='ocr_carea' id='block_1_1' title="bbox 845 475 1064 541">
    <p class='ocr_par' dir='ltr' id='par_1_1' title="bbox 845 475 1064 541">
     <span class='ocr_line' id='line_1_1' title="bbox 845 475 1064 541; baseline -0.005 -19"><span class='ocrx_word' id='word_1_1' title='bbox 845 475 1064 541; x_wconf 74' lang='lat'>..23-</span> 
     </span>
    </p>
   </div>
   <div class='ocr_carea' id='block_1_2' title="bbox 395 668 1516 969">
    <p class='ocr_par' dir='ltr' id='par_1_2' title="bbox 395 668 1516 969">
     <span class='ocr_line' id='line_1_2' title="bbox 396 668 1514 755; baseline 0.001 -20"><span class='ocrx_word' id='word_1_2' title='bbox 396 668 500 735; x_wconf 84' lang='lat' dir='ltr'>disse’</span> <span class='ocrx_word' id='word_1_3' title='bbox 548 670 733 754; x_wconf 76' lang='lat' dir='ltr'><strong>Exemplum</strong></span> <span class='ocrx_word' id='word_1_4' title='bbox 749 671 812 735; x_wconf 90' lang='lat' dir='ltr'>huc</span> <span class='ocrx_word' id='word_1_5' title='bbox 835 672 979 755; x_wconf 88' lang='lat' dir='ltr'>spectans</span> <span class='ocrx_word' id='word_1_6' title='bbox 1010 672 1106 735; x_wconf 93' lang='lat' dir='ltr'>semel</span> <span class='ocrx_word' id='word_1_7' title='bbox 1130 670 1288 754; x_wconf 89' lang='lat' dir='ltr'>reperitur</span> <span class='ocrx_word' id='word_1_8' title='bbox 1312 672 1397 755; x_wconf 92' lang='lat' dir='ltr'>apud</span> <span class='ocrx_word' id='word_1_9' title='bbox 1421 672 1514 737; x_wconf 81' lang='lat' dir='ltr'>Euri-</span> 
     </span>
     <span class='ocr_line' id='line_1_3' title="bbox 395 776 1516 861; baseline 0.001 -19"><span class='ocrx_word' id='word_1_10' title='bbox 395 777 502 861; x_wconf 86' lang='lat' dir='ltr'>pidem</span> <span class='ocrx_word' id='word_1_11' title='bbox 536 778 570 842; x_wconf 93' lang='lat' dir='ltr'>in</span> <span class='ocrx_word' id='word_1_12' title='bbox 604 777 674 861; x_wconf 89' lang='lat' dir='ltr'>Iph.</span> <span class='ocrx_word' id='word_1_13' title='bbox 700 776 772 844; x_wconf 80' lang='lat' dir='ltr'>Aul.</span> <span class='ocrx_word' id='word_1_14' title='bbox 797 778 872 859; x_wconf 79' lang='lat'>905,</span> <span class='ocrx_word' id='word_1_15' title='bbox 907 778 965 842; x_wconf 92' lang='lat' dir='ltr'>ubi</span> <span class='ocrx_word' id='word_1_16' title='bbox 1002 777 1229 861; x_wconf 83' lang='lat' dir='ltr'>Clytaemestra</span> <span class='ocrx_word' id='word_1_17' title='bbox 1262 780 1396 843; x_wconf 90' lang='lat' dir='ltr'>mortem</span> <span class='ocrx_word' id='word_1_18' title='bbox 1430 779 1516 843; x_wconf 89' lang='lat' dir='ltr'>filiae</span> 
     </span>
     <span class='ocr_line' id='line_1_4' title="bbox 396 883 1001 969; baseline 0.002 -21"><span class='ocrx_word' id='word_1_19' title='bbox 396 884 565 968; x_wconf 85' lang='lat' dir='ltr'>deprecans</span> <span class='ocrx_word' id='word_1_20' title='bbox 589 883 746 950; x_wconf 83' lang='lat' dir='ltr'>Achillem</span> <span class='ocrx_word' id='word_1_21' title='bbox 770 884 815 949; x_wconf 88' lang='lat' dir='ltr'>sio</span> <span class='ocrx_word' id='word_1_22' title='bbox 838 884 1001 969; x_wconf 87' lang='lat' dir='ltr'>implorat:</span> 
     </span>
    </p>
   </div>
   <div class='ocr_carea' id='block_1_3' title="bbox 680 1024 1349 1186">
    <p class='ocr_par' dir='ltr' id='par_1_3' title="bbox 680 1024 1349 1186">
     <span class='ocr_line' id='line_1_5' title="bbox 681 1024 1349 1097; baseline 0.004 -21"><span class='ocrx_word' id='word_1_23' title='bbox 681 1026 719 1077; x_wconf 85' lang='grc' dir='ltr'>σοί</span> <span class='ocrx_word' id='word_1_24' title='bbox 736 1024 902 1097; x_wconf 56' lang='lat' dir='ltr'>mamito&amp;</span> <span class='ocrx_word' id='word_1_25' title='bbox 920 1025 971 1095; x_wconf 69' lang='grc' dir='ltr'>ἐγώ</span> <span class='ocrx_word' id='word_1_26' title='bbox 990 1044 1027 1078; x_wconf 90' lang='grc' dir='ltr'>νιν</span> <span class='ocrx_word' id='word_1_27' title='bbox 1045 1025 1106 1096; x_wconf 68' lang='grc' dir='ltr'>ἦγον</span> <span class='ocrx_word' id='word_1_28' title='bbox 1125 1026 1161 1083; x_wconf 83' lang='grc' dir='ltr'>ὡς</span> <span class='ocrx_word' id='word_1_29' title='bbox 1179 1028 1349 1097; x_wconf 72' lang='grc' dir='ltr'>γαμουμένην,</span> 
     </span>
     <span class='ocr_line' id='line_1_6' title="bbox 680 1112 1062 1186; baseline 0.003 -20"><span class='ocrx_word' id='word_1_30' title='bbox 680 1117 724 1166; x_wconf 83' lang='grc' dir='ltr'>νῦν</span> <span class='ocrx_word' id='word_1_31' title='bbox 743 1112 765 1165; x_wconf 80' lang='grc' dir='ltr'>δ’</span> <span class='ocrx_word' id='word_1_32' title='bbox 784 1114 824 1167; x_wconf 85' lang='grc' dir='ltr'>ἐπί</span> <span class='ocrx_word' id='word_1_33' title='bbox 842 1115 940 1186; x_wconf 74' lang='grc' dir='ltr'>σφαγὰς</span> <span class='ocrx_word' id='word_1_34' title='bbox 957 1113 1062 1184; x_wconf 75' lang='grc' dir='ltr'>κομίζω.</span> 
     </span>
    </p>
   </div>
   <div class='ocr_carea' id='block_1_4' title="bbox 398 1293 1520 3076">
    <p class='ocr_par' dir='ltr' id='par_1_4' title="bbox 398 1293 1520 2235">
     <span class='ocr_line' id='line_1_7' title="bbox 487 1293 1514 1378; baseline 0.003 -20"><span class='ocrx_word' id='word_1_35' title='bbox 487 1295 519 1359; x_wconf 77' lang='lat'>2.</span> <span class='ocrx_word' id='word_1_36' title='bbox 543 1294 664 1359; x_wconf 87' lang='lat' dir='ltr'>Deinde</span> <span class='ocrx_word' id='word_1_37' title='bbox 687 1293 826 1359; x_wconf 74' lang='lat' dir='ltr'>rhetores</span> <span class='ocrx_word' id='word_1_38' title='bbox 842 1294 1109 1377; x_wconf 74' lang='lat' dir='ltr'>praescribebant,</span> <span class='ocrx_word' id='word_1_39' title='bbox 1133 1295 1170 1359; x_wconf 93' lang='lat' dir='ltr'>ut</span> <span class='ocrx_word' id='word_1_40' title='bbox 1186 1296 1326 1378; x_wconf 90' lang='lat' dir='ltr'>petentes</span> <span class='ocrx_word' id='word_1_41' title='bbox 1355 1296 1514 1361; x_wconf 88' lang='lat' dir='ltr'>miseriam</span> 
     </span>
     <span class='ocr_line' id='line_1_8' title="bbox 398 1400 1520 1486; baseline -0.001 -20"><span class='ocrx_word' id='word_1_42' title='bbox 398 1421 486 1466; x_wconf 86' lang='lat' dir='ltr'>suem</span> <span class='ocrx_word' id='word_1_43' title='bbox 511 1400 657 1486; x_wconf 88' lang='lat' dir='ltr'>pluribus</span> <span class='ocrx_word' id='word_1_44' title='bbox 681 1400 901 1485; x_wconf 81' lang='lat' dir='ltr'>depingerent3</span> <span class='ocrx_word' id='word_1_45' title='bbox 937 1401 976 1467; x_wconf 91' lang='lat' dir='ltr'>cf.</span> <span class='ocrx_word' id='word_1_46' title='bbox 1003 1402 1143 1466; x_wconf 81' lang='lat' dir='ltr'>Ananim.</span> <span class='ocrx_word' id='word_1_47' title='bbox 1168 1402 1190 1468; x_wconf 91' lang='lat' dir='ltr'>l.</span> <span class='ocrx_word' id='word_1_48' title='bbox 1215 1420 1241 1467; x_wconf 89' lang='lat' dir='ltr'>e.</span> <span class='ocrx_word' id='word_1_49' title='bbox 1276 1423 1308 1486; x_wconf 90' lang='lat' dir='ltr'>p.</span> <span class='ocrx_word' id='word_1_50' title='bbox 1334 1402 1446 1484; x_wconf 63' lang='lat' dir='ltr'>tara:</span> <span class='ocrx_word' id='word_1_51' title='bbox 1472 1403 1520 1467; x_wconf 86' lang='grc' dir='ltr'>δεῖ</span> 
     </span>
     <span class='ocr_line' id='line_1_9' title="bbox 398 1506 1515 1593; baseline 0.004 -21"><span class='ocrx_word' id='word_1_52' title='bbox 398 1510 430 1572; x_wconf 85' lang='grc' dir='ltr'>δέ</span> <span class='ocrx_word' id='word_1_53' title='bbox 454 1557 462 1574; x_wconf 91' lang='grc'><strong>.</strong></span> <span class='ocrx_word' id='word_1_54' title='bbox 490 1559 498 1573; x_wconf 92' lang='grc'><strong>.</strong></span> <span class='ocrx_word' id='word_1_55' title='bbox 523 1558 530 1572; x_wconf 87' lang='grc'><strong>.</strong></span> <span class='ocrx_word' id='word_1_56' title='bbox 555 1506 605 1575; x_wconf 80' lang='grc' dir='ltr'>οὓς</span> <span class='ocrx_word' id='word_1_57' title='bbox 631 1506 739 1576; x_wconf 77' lang='grc' dir='ltr'>ἐθέλεις</span> <span class='ocrx_word' id='word_1_58' title='bbox 773 1507 912 1576; x_wconf 78' lang='grc' dir='ltr'>ἐλεεινοὺς</span> <span class='ocrx_word' id='word_1_59' title='bbox 945 1511 1035 1571; x_wconf 82' lang='grc' dir='ltr'>ποιεῖν</span> <span class='ocrx_word' id='word_1_60' title='bbox 1059 1557 1066 1574; x_wconf 95' lang='grc'><strong><em>.</em></strong></span> <span class='ocrx_word' id='word_1_61' title='bbox 1092 1562 1099 1577; x_wconf 87' lang='grc'><strong>.</strong></span> <span class='ocrx_word' id='word_1_62' title='bbox 1126 1558 1134 1574; x_wconf 93' lang='grc'><strong>.</strong></span> <span class='ocrx_word' id='word_1_63' title='bbox 1158 1508 1338 1572; x_wconf 81' lang='grc' dir='ltr'>ἐπιδεικνύειν</span> <span class='ocrx_word' id='word_1_64' title='bbox 1372 1508 1515 1593; x_wconf 81' lang='grc' dir='ltr'>αὐτοὺςῆ</span> 
     </span>
     <span class='ocr_line' id='line_1_10' title="bbox 398 1613 1516 1701; baseline 0.001 -23"><span class='ocrx_word' id='word_1_65' title='bbox 398 1619 495 1683; x_wconf 84' lang='grc' dir='ltr'>κακῶς</span> <span class='ocrx_word' id='word_1_66' title='bbox 531 1613 754 1683; x_wconf 73' lang='grc' dir='ltr'>πεπονθότας</span> <span class='ocrx_word' id='word_1_67' title='bbox 788 1614 1085 1700; x_wconf 77' lang='grc' dir='ltr'>ἧποίσχονταςή</span> <span class='ocrx_word' id='word_1_68' title='bbox 1115 1615 1356 1699; x_wconf 84' lang='grc' dir='ltr'>πεισομένους,</span> <span class='ocrx_word' id='word_1_69' title='bbox 1392 1616 1442 1679; x_wconf 81' lang='grc' dir='ltr'>ἐὰν</span> <span class='ocrx_word' id='word_1_70' title='bbox 1476 1615 1516 1701; x_wconf 81' lang='grc' dir='ltr'>μὴ</span> 
     </span>
     <span class='ocr_line' id='line_1_11' title="bbox 398 1720 1516 1808; baseline 0.003 -23"><span class='ocrx_word' id='word_1_71' title='bbox 398 1724 424 1785; x_wconf 85' lang='lat' dir='ltr'>oi</span> <span class='ocrx_word' id='word_1_72' title='bbox 447 1723 598 1790; x_wconf 83' lang='grc' dir='ltr'>ἀκούοντες</span> <span class='ocrx_word' id='word_1_73' title='bbox 621 1720 715 1789; x_wconf 81' lang='grc' dir='ltr'>αὐτοῖς</span> <span class='ocrx_word' id='word_1_74' title='bbox 729 1720 873 1808; x_wconf 75' lang='grc' dir='ltr'>βοηθῶσιν</span> <span class='ocrx_word' id='word_1_75' title='bbox 889 1722 941 1804; x_wconf 84' lang='lat' dir='ltr'>(cf.</span> <span class='ocrx_word' id='word_1_76' title='bbox 959 1743 990 1806; x_wconf 93' lang='lat' dir='ltr'>p.</span> <span class='ocrx_word' id='word_1_77' title='bbox 1004 1724 1158 1805; x_wconf 75' lang='lat'>96,12)¹).</span> <span class='ocrx_word' id='word_1_78' title='bbox 1207 1722 1272 1787; x_wconf 81' lang='lat' dir='ltr'>cio.</span> <span class='ocrx_word' id='word_1_79' title='bbox 1297 1724 1319 1787; x_wconf 89' lang='lat' dir='ltr'>l.</span> <span class='ocrx_word' id='word_1_80' title='bbox 1337 1743 1363 1788; x_wconf 85' lang='grc' dir='ltr'>ο.</span> <span class='ocrx_word' id='word_1_81' title='bbox 1382 1726 1516 1789; x_wconf 78' lang='lat'><strong>55.107:</strong></span> 
     </span>
     <span class='ocr_line' id='line_1_12' title="bbox 399 1828 1517 1915; baseline 0.002 -22"><span class='ocrx_word' id='word_1_82' title='bbox 399 1828 571 1895; x_wconf 88' lang='lat' dir='ltr'>‘Secundus</span> <span class='ocrx_word' id='word_1_83' title='bbox 599 1829 682 1913; x_wconf 89' lang='lat' dir='ltr'>(soil.</span> <span class='ocrx_word' id='word_1_84' title='bbox 706 1830 819 1911; x_wconf 89' lang='lat' dir='ltr'>locus),</span> <span class='ocrx_word' id='word_1_85' title='bbox 835 1829 892 1913; x_wconf 91' lang='lat' dir='ltr'>qui</span> <span class='ocrx_word' id='word_1_86' title='bbox 918 1829 952 1893; x_wconf 96' lang='lat' dir='ltr'>in</span> <span class='ocrx_word' id='word_1_87' title='bbox 982 1830 1123 1913; x_wconf 88' lang='lat' dir='ltr'>tempora</span> <span class='ocrx_word' id='word_1_88' title='bbox 1146 1829 1308 1912; x_wconf 80' lang='lat' dir='ltr'>tribuitur,</span> <span class='ocrx_word' id='word_1_89' title='bbox 1332 1850 1517 1915; x_wconf 90' lang='lat' dir='ltr'>perquem,</span> 
     </span>
     <span class='ocr_line' id='line_1_13' title="bbox 399 1935 1517 2021; baseline 0 -20"><span class='ocrx_word' id='word_1_90' title='bbox 399 1936 514 2021; x_wconf 90' lang='lat' dir='ltr'>quibus</span> <span class='ocrx_word' id='word_1_91' title='bbox 538 1936 572 2001; x_wconf 95' lang='lat' dir='ltr'>in</span> <span class='ocrx_word' id='word_1_92' title='bbox 595 1935 690 2001; x_wconf 89' lang='lat' dir='ltr'>malis</span> <span class='ocrx_word' id='word_1_93' title='bbox 713 1936 863 2001; x_wconf 84' lang='lat' dir='ltr'>fuerint</span> <span class='ocrx_word' id='word_1_94' title='bbox 887 1937 923 2001; x_wconf 89' lang='lat' dir='ltr'>et</span> <span class='ocrx_word' id='word_1_95' title='bbox 959 1937 1038 2001; x_wconf 88' lang='lat' dir='ltr'>sint</span> <span class='ocrx_word' id='word_1_96' title='bbox 1061 1938 1098 2001; x_wconf 90' lang='lat' dir='ltr'>et</span> <span class='ocrx_word' id='word_1_97' title='bbox 1132 1936 1254 2002; x_wconf 92' lang='lat' dir='ltr'>futuri</span> <span class='ocrx_word' id='word_1_98' title='bbox 1289 1936 1366 2001; x_wconf 88' lang='lat' dir='ltr'>sint</span> <span class='ocrx_word' id='word_1_99' title='bbox 1390 1938 1517 2002; x_wconf 92' lang='lat' dir='ltr'>demon-</span> 
     </span>
     <span class='ocr_line' id='line_1_14' title="bbox 400 2041 1517 2128; baseline 0 -19"><span class='ocrx_word' id='word_1_100' title='bbox 400 2041 538 2110; x_wconf 89' lang='lat' dir='ltr'>stratur’.</span> <span class='ocrx_word' id='word_1_101' title='bbox 586 2044 691 2127; x_wconf 85' lang='lat' dir='ltr'>Atque</span> <span class='ocrx_word' id='word_1_102' title='bbox 714 2062 821 2108; x_wconf 90' lang='lat' dir='ltr'>revera</span> <span class='ocrx_word' id='word_1_103' title='bbox 843 2043 943 2109; x_wconf 90' lang='lat' dir='ltr'>trium</span> <span class='ocrx_word' id='word_1_104' title='bbox 965 2043 1105 2109; x_wconf 87' lang='lat' dir='ltr'>locorum</span> <span class='ocrx_word' id='word_1_105' title='bbox 1121 2044 1261 2128; x_wconf 78' lang='lat' dir='ltr'>exempla</span> <span class='ocrx_word' id='word_1_106' title='bbox 1284 2044 1438 2109; x_wconf 86' lang='lat' dir='ltr'>orationes</span> <span class='ocrx_word' id='word_1_107' title='bbox 1462 2064 1517 2127; x_wconf 90' lang='lat' dir='ltr'>pe·</span> 
     </span>
     <span class='ocr_line' id='line_1_15' title="bbox 399 2150 969 2235; baseline -0.002 -20"><span class='ocrx_word' id='word_1_108' title='bbox 399 2151 536 2216; x_wconf 84' lang='lat' dir='ltr'>tentiam</span> <span class='ocrx_word' id='word_1_109' title='bbox 552 2151 634 2234; x_wconf 89' lang='lat' dir='ltr'>apud</span> <span class='ocrx_word' id='word_1_110' title='bbox 648 2150 785 2235; x_wconf 83' lang='lat' dir='ltr'>tragicos</span> <span class='ocrx_word' id='word_1_111' title='bbox 808 2151 969 2233; x_wconf 87' lang='lat' dir='ltr'>praebent.</span> 
     </span>
    </p>

    <p class='ocr_par' dir='ltr' id='par_1_5' title="bbox 400 2256 1520 2768">
     <span class='ocr_line' id='line_1_16' title="bbox 489 2256 1517 2343; baseline 0.003 -21"><span class='ocrx_word' id='word_1_112' title='bbox 489 2257 686 2340; x_wconf 89' lang='lat' dir='ltr'>a)Petentee</span> <span class='ocrx_word' id='word_1_113' title='bbox 725 2256 868 2341; x_wconf 91' lang='lat' dir='ltr'>quibus</span> <span class='ocrx_word' id='word_1_114' title='bbox 904 2258 947 2322; x_wconf 94' lang='lat' dir='ltr'>in</span> <span class='ocrx_word' id='word_1_115' title='bbox 986 2257 1098 2323; x_wconf 92' lang='lat' dir='ltr'>malis</span> <span class='ocrx_word' id='word_1_116' title='bbox 1136 2258 1302 2341; x_wconf 84' lang='lat' dir='ltr'>fuerint,</span> <span class='ocrx_word' id='word_1_117' title='bbox 1350 2262 1517 2343; x_wconf 85' lang='lat' dir='ltr'>exponunt.</span> 
     </span>
     <span class='ocr_line' id='line_1_17' title="bbox 401 2363 1520 2450; baseline -0.001 -18"><span class='ocrx_word' id='word_1_118' title='bbox 401 2366 633 2432; x_wconf 81' lang='lat' dir='ltr'>Gravissimum</span> <span class='ocrx_word' id='word_1_119' title='bbox 656 2363 839 2430; x_wconf 90' lang='lat' dir='ltr'>huiusmodi</span> <span class='ocrx_word' id='word_1_120' title='bbox 880 2365 1057 2448; x_wconf 79' lang='lat' dir='ltr'>exemplum</span> <span class='ocrx_word' id='word_1_121' title='bbox 1093 2366 1126 2429; x_wconf 93' lang='lat' dir='ltr'>in</span> <span class='ocrx_word' id='word_1_122' title='bbox 1166 2364 1329 2450; x_wconf 78' lang='lat' dir='ltr'>Euripidis</span> <span class='ocrx_word' id='word_1_123' title='bbox 1353 2365 1520 2450; x_wconf 83' lang='lat' dir='ltr'>iphigenia</span> 
     </span>
     <span class='ocr_line' id='line_1_18' title="bbox 400 2469 1517 2558; baseline -0.001 -19"><span class='ocrx_word' id='word_1_124' title='bbox 400 2471 567 2539; x_wconf 84' lang='lat' dir='ltr'>Aulidensi</span> <span class='ocrx_word' id='word_1_125' title='bbox 601 2472 710 2553; x_wconf 85' lang='lat' dir='ltr'>exstat,</span> <span class='ocrx_word' id='word_1_126' title='bbox 746 2472 802 2537; x_wconf 90' lang='lat' dir='ltr'>ubi</span> <span class='ocrx_word' id='word_1_127' title='bbox 827 2469 1065 2555; x_wconf 84' lang='lat' dir='ltr'>Clytaemestra,</span> <span class='ocrx_word' id='word_1_128' title='bbox 1097 2473 1135 2536; x_wconf 92' lang='lat' dir='ltr'>ut</span> <span class='ocrx_word' id='word_1_129' title='bbox 1170 2472 1310 2537; x_wconf 82' lang='lat' dir='ltr'>animum</span> <span class='ocrx_word' id='word_1_130' title='bbox 1348 2472 1517 2558; x_wconf 86' lang='lat' dir='ltr'>Agamem-</span> 
     </span>
     <span class='ocr_line' id='line_1_19' title="bbox 400 2577 1519 2664; baseline 0.001 -20"><span class='ocrx_word' id='word_1_131' title='bbox 400 2580 492 2645; x_wconf 86' lang='lat' dir='ltr'>nonis</span> <span class='ocrx_word' id='word_1_132' title='bbox 527 2578 567 2644; x_wconf 89' lang='lat' dir='ltr'>ad</span> <span class='ocrx_word' id='word_1_133' title='bbox 612 2577 861 2643; x_wconf 88' lang='lat' dir='ltr'>misericordiam</span> <span class='ocrx_word' id='word_1_134' title='bbox 899 2578 1102 2658; x_wconf 88' lang='lat' dir='ltr'>commoveat,</span> <span class='ocrx_word' id='word_1_135' title='bbox 1150 2580 1362 2663; x_wconf 82' lang='lat' dir='ltr'>conqueritur,</span> <span class='ocrx_word' id='word_1_136' title='bbox 1402 2580 1519 2664; x_wconf 91' lang='lat' dir='ltr'>quibus</span> 
     </span>
     <span class='ocr_line' id='line_1_20' title="bbox 400 2685 977 2768; baseline 0 -16"><span class='ocrx_word' id='word_1_137' title='bbox 400 2686 527 2753; x_wconf 88' lang='lat' dir='ltr'>iniuriis</span> <span class='ocrx_word' id='word_1_138' title='bbox 550 2686 589 2752; x_wconf 87' lang='lat' dir='ltr'>ab</span> <span class='ocrx_word' id='word_1_139' title='bbox 613 2685 671 2751; x_wconf 96' lang='lat' dir='ltr'>illo</span> <span class='ocrx_word' id='word_1_140' title='bbox 693 2685 763 2768; x_wconf 92' lang='lat' dir='ltr'>ipso</span> <span class='ocrx_word' id='word_1_141' title='bbox 791 2685 903 2751; x_wconf 83' lang='lat' dir='ltr'>affecte</span> <span class='ocrx_word' id='word_1_142' title='bbox 926 2685 977 2752; x_wconf 86' lang='lat' dir='ltr'>sit.</span> 
     </span>
    </p>

    <p class='ocr_par' dir='ltr' id='par_1_6' title="bbox 599 2826 1302 3076">
     <span class='ocr_line' id='line_1_21' title="bbox 599 2826 1302 2898; baseline -0.001 -16"><span class='ocrx_word' id='word_1_143' title='bbox 599 2829 668 2885; x_wconf 75' lang='lat'>1148</span> <span class='ocrx_word' id='word_1_144' title='bbox 685 2833 784 2898; x_wconf 74' lang='lat' dir='ltr'>rrpdrrov</span> <span class='ocrx_word' id='word_1_145' title='bbox 803 2828 857 2897; x_wconf 89' lang='grc' dir='ltr'>μέν,</span> <span class='ocrx_word' id='word_1_146' title='bbox 874 2826 918 2882; x_wconf 74' lang='lat' dir='ltr'>isc</span> <span class='ocrx_word' id='word_1_147' title='bbox 936 2842 973 2879; x_wconf 90' lang='grc' dir='ltr'>σοι</span> <span class='ocrx_word' id='word_1_148' title='bbox 991 2832 1079 2897; x_wconf 75' lang='grc' dir='ltr'>πρῶτοι</span> <span class='ocrx_word' id='word_1_149' title='bbox 1096 2828 1162 2879; x_wconf 80' lang='grc' dir='ltr'>τοῦτ’</span> <span class='ocrx_word' id='word_1_150' title='bbox 1181 2826 1302 2895; x_wconf 79' lang='grc' dir='ltr'>ὀνειδίσω,</span> 
     </span>
     <span class='ocr_line' id='line_1_22' title="bbox 685 2916 1151 2988; baseline -0.004 -19"><span class='ocrx_word' id='word_1_151' title='bbox 685 2918 779 2988; x_wconf 76' lang='grc' dir='ltr'>έγφμας</span> <span class='ocrx_word' id='word_1_152' title='bbox 796 2916 905 2969; x_wconf 77' lang='grc' dir='ltr'>έεουοοίν</span> <span class='ocrx_word' id='word_1_153' title='bbox 924 2934 955 2986; x_wconf 88' lang='grc' dir='ltr'>με</span> <span class='ocrx_word' id='word_1_154' title='bbox 973 2916 1081 2986; x_wconf 74' lang='grc' dir='ltr'>κᾶλαβες</span> <span class='ocrx_word' id='word_1_155' title='bbox 1100 2916 1151 2987; x_wconf 79' lang='grc' dir='ltr'>βίρ,</span> 
     </span>
     <span class='ocr_line' id='line_1_23' title="bbox 684 3002 1284 3076; baseline 0 -17"><span class='ocrx_word' id='word_1_156' title='bbox 684 3005 727 3059; x_wconf 83' lang='grc' dir='ltr'>τὸν</span> <span class='ocrx_word' id='word_1_157' title='bbox 744 3003 850 3075; x_wconf 77' lang='grc' dir='ltr'>πρόσθεν</span> <span class='ocrx_word' id='word_1_158' title='bbox 869 3004 947 3076; x_wconf 79' lang='grc' dir='ltr'>ἄνδρα</span> <span class='ocrx_word' id='word_1_159' title='bbox 965 3002 1094 3059; x_wconf 81' lang='grc' dir='ltr'>Τάνταλον</span> <span class='ocrx_word' id='word_1_160' title='bbox 1112 3007 1284 3073; x_wconf 73' lang='grc' dir='ltr'>κατακτανών,</span> 
     </span>
    </p>
   </div>
   <div class='ocr_carea' id='block_1_5' title="bbox 685 3090 1286 3253">
    <p class='ocr_par' dir='ltr' id='par_1_7' title="bbox 685 3090 1286 3253">
     <span class='ocr_line' id='line_1_24' title="bbox 686 3090 1264 3167; baseline 0.003 -20"><span class='ocrx_word' id='word_1_161' title='bbox 686 3094 774 3166; x_wconf 91' lang='grc' dir='ltr'>βρέφος</span> <span class='ocrx_word' id='word_1_162' title='bbox 791 3111 819 3146; x_wconf 90' lang='grc' dir='ltr'>τε</span> <span class='ocrx_word' id='word_1_163' title='bbox 835 3092 927 3164; x_wconf 77' lang='grc' dir='ltr'>τοθμόν</span> <span class='ocrx_word' id='word_1_164' title='bbox 948 3090 983 3165; x_wconf 80' lang='grc' dir='ltr'>σῷ</span> <span class='ocrx_word' id='word_1_165' title='bbox 1002 3095 1163 3166; x_wconf 85' lang='grc' dir='ltr'>προσουρίσοις</span> <span class='ocrx_word' id='word_1_166' title='bbox 1181 3094 1264 3167; x_wconf 82' lang='grc' dir='ltr'>πέλιρ,</span> 
     </span>
     <span class='ocr_line' id='line_1_25' title="bbox 685 3182 1286 3253; baseline 0.003 -18"><span class='ocrx_word' id='word_1_167' title='bbox 685 3189 788 3253; x_wconf 81' lang='grc' dir='ltr'>μεστῶν</span> <span class='ocrx_word' id='word_1_168' title='bbox 808 3182 895 3253; x_wconf 83' lang='grc' dir='ltr'>βιαίως</span> <span class='ocrx_word' id='word_1_169' title='bbox 911 3189 964 3236; x_wconf 84' lang='grc' dir='ltr'>τῶν</span> <span class='ocrx_word' id='word_1_170' title='bbox 983 3184 1053 3253; x_wconf 86' lang='grc' dir='ltr'>έμῶν</span> <span class='ocrx_word' id='word_1_171' title='bbox 1072 3184 1215 3242; x_wconf 81' lang='grc' dir='ltr'>ἀποσπάσας</span> <span class='ocrx_word' id='word_1_172' title='bbox 1232 3184 1286 3237; x_wconf 75' lang='grc' dir='ltr'>κτλ.</span> 
     </span>
    </p>
   </div>
   <div class='ocr_carea' id='block_1_6' title="bbox 402 3328 1520 3610">
    <p class='ocr_par' dir='ltr' id='par_1_8' title="bbox 402 3328 1520 3610">
     <span class='ocr_line' id='line_1_26' title="bbox 491 3328 1520 3414; baseline 0.002 -21"><span class='ocrx_word' id='word_1_173' title='bbox 491 3328 646 3395; x_wconf 89' lang='lat' dir='ltr'>Similiter</span> <span class='ocrx_word' id='word_1_174' title='bbox 664 3328 696 3393; x_wconf 93' lang='lat' dir='ltr'>in</span> <span class='ocrx_word' id='word_1_175' title='bbox 729 3328 910 3395; x_wconf 87' lang='lat' dir='ltr'>Phoenissis</span> <span class='ocrx_word' id='word_1_176' title='bbox 938 3328 1090 3412; x_wconf 89' lang='lat' dir='ltr'>Oedipus,</span> <span class='ocrx_word' id='word_1_177' title='bbox 1125 3348 1197 3396; x_wconf 86' lang='lat' dir='ltr'>curn</span> <span class='ocrx_word' id='word_1_178' title='bbox 1222 3329 1299 3396; x_wconf 86' lang='lat' dir='ltr'>Creo</span> <span class='ocrx_word' id='word_1_179' title='bbox 1321 3330 1424 3414; x_wconf 87' lang='lat' dir='ltr'>patrie</span> <span class='ocrx_word' id='word_1_180' title='bbox 1448 3348 1520 3395; x_wconf 89' lang='lat' dir='ltr'>eum</span> 
     </span>
     <span class='ocr_line' id='line_1_27' title="bbox 402 3435 1519 3521; baseline -0.001 -19"><span class='ocrx_word' id='word_1_181' title='bbox 402 3436 589 3521; x_wconf 83' lang='lat' dir='ltr'>expulsurus</span> <span class='ocrx_word' id='word_1_182' title='bbox 617 3436 670 3518; x_wconf 89' lang='lat' dir='ltr'>sit,</span> <span class='ocrx_word' id='word_1_183' title='bbox 705 3435 842 3521; x_wconf 88' lang='lat' dir='ltr'>pristina</span> <span class='ocrx_word' id='word_1_184' title='bbox 878 3436 965 3502; x_wconf 88' lang='lat' dir='ltr'>mala</span> <span class='ocrx_word' id='word_1_185' title='bbox 1003 3455 1061 3503; x_wconf 87' lang='lat' dir='ltr'>sna</span> <span class='ocrx_word' id='word_1_186' title='bbox 1099 3438 1234 3520; x_wconf 88' lang='lat' dir='ltr'>enarrat,</span> <span class='ocrx_word' id='word_1_187' title='bbox 1269 3438 1307 3502; x_wconf 91' lang='lat' dir='ltr'>nt</span> <span class='ocrx_word' id='word_1_188' title='bbox 1345 3436 1401 3502; x_wconf 87' lang='lat' dir='ltr'>ille</span> <span class='ocrx_word' id='word_1_189' title='bbox 1424 3436 1519 3502; x_wconf 88' lang='lat' dir='ltr'>mise·</span> 
     </span>
     <span class='ocr_line' id='line_1_28' title="bbox 402 3546 521 3610; baseline 0 -1"><span class='ocrx_word' id='word_1_190' title='bbox 402 3546 521 3610; x_wconf 86' lang='lat' dir='ltr'>reatur:</span> 
     </span>
    </p>
   </div>
   <div class='ocr_carea' id='block_1_7' title="bbox 600 3676 1340 4115">
    <p class='ocr_par' dir='ltr' id='par_1_9' title="bbox 600 3676 1340 4115">
     <span class='ocr_line' id='line_1_29' title="bbox 600 3676 1277 3757; baseline -0.003 -18"><span class='ocrx_word' id='word_1_191' title='bbox 600 3683 668 3739; x_wconf 82' lang='lat'><strong>1595</strong></span> <span class='ocrx_word' id='word_1_192' title='bbox 687 3676 710 3737; x_wconf 78' lang='grc' dir='ltr'>ὦ</span> <span class='ocrx_word' id='word_1_193' title='bbox 727 3683 803 3754; x_wconf 80' lang='grc' dir='ltr'>μοῖρ’,</span> <span class='ocrx_word' id='word_1_194' title='bbox 821 3683 864 3737; x_wconf 79' lang='grc' dir='ltr'>ἀπ’</span> <span class='ocrx_word' id='word_1_195' title='bbox 883 3683 963 3757; x_wconf 78' lang='grc' dir='ltr'>ἀρχῆς</span> <span class='ocrx_word' id='word_1_196' title='bbox 981 3684 1017 3741; x_wconf 77' lang='grc' dir='ltr'>ὥς</span> <span class='ocrx_word' id='word_1_197' title='bbox 1035 3683 1062 3753; x_wconf 86' lang='grc' dir='ltr'>μ’</span> <span class='ocrx_word' id='word_1_198' title='bbox 1081 3684 1173 3756; x_wconf 90' lang='grc' dir='ltr'>έφυσας</span> <span class='ocrx_word' id='word_1_199' title='bbox 1191 3682 1277 3738; x_wconf 86' lang='grc' dir='ltr'>ἄθλιον</span> 
     </span>
     <span class='ocr_line' id='line_1_30' title="bbox 685 3770 1281 3845; baseline 0 -20"><span class='ocrx_word' id='word_1_200' title='bbox 685 3774 728 3825; x_wconf 77' lang='lat' dir='ltr'>aral</span> <span class='ocrx_word' id='word_1_201' title='bbox 745 3771 860 3844; x_wconf 74' lang='grc' dir='ltr'>τλήμον’,</span> <span class='ocrx_word' id='word_1_202' title='bbox 878 3773 902 3825; x_wconf 91' lang='grc' dir='ltr'>εί</span> <span class='ocrx_word' id='word_1_203' title='bbox 917 3790 954 3830; x_wconf 86' lang='grc' dir='ltr'>τις</span> <span class='ocrx_word' id='word_1_204' title='bbox 972 3771 1048 3829; x_wconf 79' lang='grc' dir='ltr'>ἄλλος</span> <span class='ocrx_word' id='word_1_205' title='bbox 1066 3770 1209 3845; x_wconf 78' lang='grc' dir='ltr'>ἀνθρώπων</span> <span class='ocrx_word' id='word_1_206' title='bbox 1226 3774 1281 3845; x_wconf 88' lang='grc' dir='ltr'>έφυ.</span> 
     </span>
     <span class='ocr_line' id='line_1_31' title="bbox 686 3860 1340 3933; baseline 0 -18"><span class='ocrx_word' id='word_1_207' title='bbox 686 3862 715 3915; x_wconf 88' lang='grc' dir='ltr'>δν</span> <span class='ocrx_word' id='word_1_208' title='bbox 732 3863 775 3915; x_wconf 74' lang='grc' dir='ltr'>καί</span> <span class='ocrx_word' id='word_1_209' title='bbox 793 3862 850 3931; x_wconf 80' lang='grc' dir='ltr'>πρίν</span> <span class='ocrx_word' id='word_1_210' title='bbox 868 3861 903 3918; x_wconf 86' lang='grc' dir='ltr'>είς</span> <span class='ocrx_word' id='word_1_211' title='bbox 921 3868 977 3933; x_wconf 85' lang='grc' dir='ltr'>φιῐις</span> <span class='ocrx_word' id='word_1_212' title='bbox 996 3860 1088 3931; x_wconf 81' lang='grc' dir='ltr'>μητρὸς</span> <span class='ocrx_word' id='word_1_213' title='bbox 1107 3862 1135 3914; x_wconf 75' lang='lat' dir='ltr'>tr</span> <span class='ocrx_word' id='word_1_214' title='bbox 1152 3866 1227 3933; x_wconf 72' lang='grc' dir='ltr'>γονῆς</span> <span class='ocrx_word' id='word_1_215' title='bbox 1246 3862 1340 3933; x_wconf 90' lang='grc' dir='ltr'>μολεῖν,</span> 
     </span>
     <span class='ocr_line' id='line_1_32' title="bbox 686 3946 1210 4022; baseline -0.002 -18"><span class='ocrx_word' id='word_1_216' title='bbox 686 3952 774 4022; x_wconf 70' lang='grc' dir='ltr'>ἄγονον</span> <span class='ocrx_word' id='word_1_217' title='bbox 793 3946 927 4004; x_wconf 77' lang='grc' dir='ltr'>Ἀπόλλων</span> <span class='ocrx_word' id='word_1_218' title='bbox 946 3948 1019 4021; x_wconf 82' lang='grc' dir='ltr'>Λαίῳ</span> <span class='ocrx_word' id='word_1_219' title='bbox 1039 3952 1066 4019; x_wconf 86' lang='grc' dir='ltr'>μ’</span> <span class='ocrx_word' id='word_1_220' title='bbox 1085 3948 1210 4004; x_wconf 71' lang='grc' dir='ltr'>ἐθέσπισεν</span> 
     </span>
     <span class='ocr_line' id='line_1_33' title="bbox 686 4031 1219 4115; baseline -0.008 -20"><span class='ocrx_word' id='word_1_221' title='bbox 686 4042 764 4115; x_wconf 82' lang='grc' dir='ltr'>φονέα</span> <span class='ocrx_word' id='word_1_222' title='bbox 780 4036 894 4111; x_wconf 72' lang='grc' dir='ltr'>γενέσθαι</span> <span class='ocrx_word' id='word_1_223' title='bbox 911 4031 1048 4109; x_wconf 76' lang='grc' dir='ltr'>ππτρέςιθ</span> <span class='ocrx_word' id='word_1_224' title='bbox 1065 4038 1143 4097; x_wconf 79' lang='grc' dir='ltr'>τέλος</span> <span class='ocrx_word' id='word_1_225' title='bbox 1161 4038 1219 4111; x_wconf 66' lang='lat' dir='ltr'>ipsi.</span> 
     </span>
    </p>
   </div>
   <div class='ocr_carea' id='block_1_8' title="bbox 402 4268 1524 4611">
    <p class='ocr_par' dir='ltr' id='par_1_10' title="bbox 402 4268 1524 4611">
     <span class='ocr_line' id='line_1_34' title="bbox 493 4268 1522 4345; baseline -0.01 -12"><span class='ocrx_word' id='word_1_226' title='bbox 493 4276 515 4345; x_wconf 90' lang='lat'>¹)</span> <span class='ocrx_word' id='word_1_227' title='bbox 533 4275 604 4333; x_wconf 83' lang='lat' dir='ltr'>Vide</span> <span class='ocrx_word' id='word_1_228' title='bbox 622 4274 706 4331; x_wconf 72' lang='lat' dir='ltr'>etiem</span> <span class='ocrx_word' id='word_1_229' title='bbox 725 4274 754 4330; x_wconf 81' lang='lat' dir='ltr'>ll.</span> <span class='ocrx_word' id='word_1_230' title='bbox 766 4291 840 4345; x_wconf 66' lang='grc' dir='ltr'>σομε</span> <span class='ocrx_word' id='word_1_231' title='bbox 870 4271 914 4325; x_wconf 72' lang='lat' dir='ltr'>ida</span> <span class='ocrx_word' id='word_1_232' title='bbox 947 4270 973 4325; x_wconf 88' lang='grc' dir='ltr'>δέ</span> <span class='ocrx_word' id='word_1_233' title='bbox 1001 4274 1082 4327; x_wconf 77' lang='grc' dir='ltr'>ταῦτα</span> <span class='ocrx_word' id='word_1_234' title='bbox 1112 4272 1146 4344; x_wconf 80' lang='grc' dir='ltr'>μὴ</span> <span class='ocrx_word' id='word_1_235' title='bbox 1178 4268 1231 4345; x_wconf 69' lang='grc' dir='ltr'>ένῇ,</span> <span class='ocrx_word' id='word_1_236' title='bbox 1262 4271 1369 4326; x_wconf 73' lang='grc' dir='ltr'>δεικτέον</span> <span class='ocrx_word' id='word_1_237' title='bbox 1398 4272 1458 4341; x_wconf 81' lang='grc' dir='ltr'>υπίρ</span> <span class='ocrx_word' id='word_1_238' title='bbox 1486 4272 1522 4323; x_wconf 78' lang='grc' dir='ltr'>ὧν</span> 
     </span>
     <span class='ocr_line' id='line_1_35' title="bbox 402 4359 1524 4435; baseline -0.007 -16"><span class='ocrx_word' id='word_1_239' title='bbox 402 4364 481 4435; x_wconf 72' lang='grc' dir='ltr'>λέγεις</span> <span class='ocrx_word' id='word_1_240' title='bbox 498 4362 604 4435; x_wconf 75' lang='grc' dir='ltr'>ἀγαθῶν</span> <span class='ocrx_word' id='word_1_241' title='bbox 623 4362 806 4433; x_wconf 83' lang='grc' dir='ltr'>έστιρημίνους,</span> <span class='ocrx_word' id='word_1_242' title='bbox 825 4361 861 4414; x_wconf 78' lang='grc' dir='ltr'>ὧν</span> <span class='ocrx_word' id='word_1_243' title='bbox 879 4367 931 4418; x_wconf 87' lang='grc' dir='ltr'>τοῖς</span> <span class='ocrx_word' id='word_1_244' title='bbox 949 4359 1034 4417; x_wconf 83' lang='grc' dir='ltr'>ἅλλοις</span> <span class='ocrx_word' id='word_1_245' title='bbox 1053 4360 1142 4413; x_wconf 73' lang='grc' dir='ltr'>ἅπασιν</span> <span class='ocrx_word' id='word_1_246' title='bbox 1162 4362 1177 4431; x_wconf 77' lang='grc' dir='ltr'><strong>ἢ</strong></span> <span class='ocrx_word' id='word_1_247' title='bbox 1195 4368 1246 4418; x_wconf 87' lang='grc' dir='ltr'>τοῖς</span> <span class='ocrx_word' id='word_1_248' title='bbox 1265 4360 1386 4418; x_wconf 81' lang='grc' dir='ltr'>πλείστοις</span> <span class='ocrx_word' id='word_1_249' title='bbox 1405 4362 1524 4429; x_wconf 77' lang='grc' dir='ltr'>μέτεστιν,</span> 
     </span>
     <span class='ocr_line' id='line_1_36' title="bbox 403 4447 1521 4526; baseline -0.004 -21"><span class='ocrx_word' id='word_1_250' title='bbox 403 4454 419 4526; x_wconf 69' lang='grc' dir='ltr'><strong>ἢ</strong></span> <span class='ocrx_word' id='word_1_251' title='bbox 438 4450 534 4523; x_wconf 74' lang='grc' dir='ltr'>έγαθοῦ</span> <span class='ocrx_word' id='word_1_252' title='bbox 553 4450 674 4522; x_wconf 70' lang='grc' dir='ltr'>μηδέποτε</span> <span class='ocrx_word' id='word_1_253' title='bbox 691 4451 858 4523; x_wconf 68' lang='grc' dir='ltr'>τετυχηκότας</span> <span class='ocrx_word' id='word_1_254' title='bbox 877 4450 893 4519; x_wconf 71' lang='grc' dir='ltr'><strong>ᾖ</strong></span> <span class='ocrx_word' id='word_1_255' title='bbox 912 4448 947 4519; x_wconf 74' lang='grc' dir='ltr'>μὴ</span> <span class='ocrx_word' id='word_1_256' title='bbox 966 4450 1133 4521; x_wconf 70' lang='grc' dir='ltr'>τυγχάνοντας</span> <span class='ocrx_word' id='word_1_257' title='bbox 1152 4450 1167 4521; x_wconf 74' lang='grc' dir='ltr'>ἡ</span> <span class='ocrx_word' id='word_1_258' title='bbox 1186 4449 1220 4520; x_wconf 71' lang='grc' dir='ltr'>μὴ</span> <span class='ocrx_word' id='word_1_259' title='bbox 1239 4447 1406 4519; x_wconf 78' lang='grc' dir='ltr'>τευξομένους,</span> <span class='ocrx_word' id='word_1_260' title='bbox 1425 4450 1467 4502; x_wconf 76' lang='lat' dir='ltr'>dds</span> <span class='ocrx_word' id='word_1_261' title='bbox 1487 4450 1521 4520; x_wconf 78' lang='grc' dir='ltr'>μὴ</span> 
     </span>
     <span class='ocr_line' id='line_1_37' title="bbox 402 4539 816 4611; baseline -0.014 -14"><span class='ocrx_word' id='word_1_262' title='bbox 402 4548 446 4597; x_wconf 80' lang='grc' dir='ltr'>νῦν</span> <span class='ocrx_word' id='word_1_263' title='bbox 465 4543 489 4595; x_wconf 85' lang='lat' dir='ltr'>oi</span> <span class='ocrx_word' id='word_1_264' title='bbox 507 4541 637 4601; x_wconf 77' lang='grc' dir='ltr'>έιιοθονιις</span> <span class='ocrx_word' id='word_1_265' title='bbox 654 4539 816 4611; x_wconf 78' lang='grc' dir='ltr'>οίτιτείρυοιν.</span> 
     </span>
    </p>
   </div>
   <div class='ocr_carea' id='block_1_9' title="bbox 0 0 1873 5434">
    <p class='ocr_par' dir='ltr' id='par_1_11' title="bbox 0 0 1873 5434">
     <span class='ocr_line' id='line_1_38' title="bbox 0 0 1873 5434; baseline 0 0"><span class='ocrx_word' id='word_1_266' title='bbox 0 0 1873 5434; x_wconf 95' lang='lat' dir='ltr'> </span> 
     </span>
    </p>
   </div>
  </div>
 </body>
</html>
