3717 5434
763 549 991 617 ¹--53-

325 748 401 816 Oreo
428 748 618 831 Antigonam
644 746 713 832 oapi
730 747 829 827 iubet,
849 747 886 811 ut
902 745 1060 833 Oedipum
1077 747 1182 830 optata
1199 766 1255 811 sua
1271 746 1447 830 explentem

324 856 448 922 Thebas
485 853 584 919 redire
619 855 711 937 cogat
747 854 926 937 (818sqq.).
974 852 1010 915 ln
1042 852 1204 935 Euripidis
1230 852 1448 920 Andromacha

327 963 489 1027 Menelaus
514 961 649 1026 Molosso
672 959 803 1044 parvulo
827 961 917 1024 antea
948 959 1017 1023 dolo
1049 960 1172 1024 sublato
1196 961 1330 1025 mortem
1353 959 1448 1025 mini·

325 1073 397 1134 tans
414 1068 579 1151 efflagitat,
599 1070 632 1132 ut
649 1068 749 1131 mater·
766 1066 918 1131 sacellum
934 1065 1079 1130 Thetidis
1095 1064 1448 1151 relinquendarum).

326 1175 451 1241 Orestes
488 1173 522 1238 in
557 1172 718 1256 Euripidis
755 1172 864 1238 iahula
900 1173 1080 1257 cognomini
1115 1192 1148 1237 se
1183 1173 1387 1239 Hermionam
1418 1173 1450 1239 ri

327 1280 582 1365 comprehensam
618 1279 858 1344 interfecturum
896 1298 963 1343 esse
998 1279 1086 1359 dicit,
1122 1278 1186 1344 nisi
1209 1280 1373 1346 Menelaus
1410 1281 1449 1345 ab

326 1388 453 1471 Argivis
477 1387 704 1469 impetraturos
729 1385 780 1464 sit,
804 1386 841 1450 ut
864 1386 949 1449 vitae
980 1404 1054 1451 suae
1078 1385 1224 1468 parcatur
1247 1386 1349 1469 (1567
1357 1389 1450 1471 squ).

328 1496 447 1575 (φωνήν
471 1492 592 1557 accedit
607 1492 739 1576 Telephi
760 1492 869 1557 fabulo
894 1492 948 1557 ubi
973 1492 1057 1556 idem
1082 1491 1251 1557 artificium
1275 1492 1451 1560 exhibitum

326 1600 425 1665 fuisse
449 1600 570 1683 Hygini
593 1598 700 1663 fabula
728 1600 785 1663 101
824 1587 1061 1681 comprobatur:
1077 1596 1108 1667 f.
1135 1646 1143 1664 .
1168 1650 1175 1664 .
1201 1599 1259 1663 hoc
1293 1598 1451 1683 Telephus

328 1708 384 1771 uhi
423 1706 555 1786 audivit,
595 1706 635 1768 ad
674 1725 780 1788 regem
823 1706 1088 1787 Agamemnonem
1134 1706 1220 1770 venit
1259 1706 1290 1771 et
1327 1704 1452 1770 monitu

330 1812 575 1898 Clytaemestrae
622 1811 763 1876 Orestem
814 1811 968 1875 infantem
1024 1812 1065 1875 de
1112 1812 1277 1876 cunabulis
1305 1812 1451 1895 rapuit,

207 2002 213 2010 ·
328 1920 480 1984 minitans
504 1937 537 1982 se
560 1938 631 1984 eum
661 1917 846 1998 occisurum,
872 1918 935 1982 nisi
966 1918 1030 1983 sihi
1054 1916 1167 1982 Achivi
1190 1918 1412 1984 mederentur.’
1425 1918 1453 2003 ¹)

331 2026 557 2109 Aristophanes
585 2043 657 2089 vero
684 2023 743 2088 hoc
770 2024 940 2089 artificium
970 2024 1019 2089 his
1043 2025 1076 2088 in
1100 2024 1202 2089 risum
1225 2025 1358 2091 detorsit
1380 2043 1453 2090 cum

330 2133 362 2196 in
388 2132 542 2197 Acharnis
561 2132 701 2214 325sqq.
725 2133 793 2194 tum
818 2131 850 2194 in
868 2129 1200 2213 Thesmophorianusis
1226 2133 1362 2215 689sqq.

545 2304 646 2360 ΙὝΝΗ.
678 2307 694 2359 ἅ
713 2314 756 2359 ποῖ
774 2308 803 2359 σὺ
822 2306 930 2377 φεύγεις
950 2305 1020 2364 chace
1039 2305 1110 2363 οὗτος
1134 2306 1163 2359 ct
1182 2313 1275 2376 μενεῖς

676 2396 773 2450 τάλαιν’
793 2397 852 2466 ἐγώ,
872 2396 989 2463 τάλαινα,
1006 2397 1050 2449 καὶ
1068 2396 1096 2450 τὸ
1115 2395 1212 2449 παιδίαν

679 2483 816 2556 ἐξαρπάσας
835 2504 877 2555 μοι
897 2486 1003 2556 φροῦδος
1022 2486 1070 2539 ἀπὸ
1089 2484 1254 2538 muriatico.

542 2570 653 2642 ΜΝΗΣ.
675 2573 806 2647 κέκραχθι·
824 2579 897 2627 τοῦτο
916 2575 939 2627 δ’
959 2574 1074 2629 οὐδέποτε
1094 2576 1122 2627 σὺ
1141 2576 1257 2647 ψωμιεῖς,

680 2663 711 2732 ἢν
731 2663 765 2734 μή
786 2664 813 2733 μ’
833 2665 918 2735 ἀφῆτ’·
939 2663 995 2717 ἀλλ’
1015 2663 1099 2717 ἐνθάδ’
1119 2664 1227 2717 ἐπὶτῶν
1248 2665 1346 2735 μηρίων

679 2750 771 2821 πληγὲν
792 2752 905 2824 μαχαίρᾳ
923 2749 983 2824 τῇδε
1002 2753 1098 2823 φοινίας
1118 2752 1212 2823 φλέβας

679 2838 869 2909 καθαιματώσει
888 2840 985 2910 βωμόν.
995 2838 1017 2911 ²)

424 3093 456 3160 5}
480 3090 694 3173 Relinquitur,
720 3093 756 3194 nt
779 3090 932 3156 addamus
956 3091 1098 3175 petentes
1123 3110 1246 3176 semper
1266 3092 1332 3157 iere
1348 3092 1459 3159 afferre

335 3198 391 3260 aut
426 3198 534 3278 optata
569 3216 625 3261 suu
661 3198 746 3262 iusta
780 3198 836 3262 aut
870 3218 951 3281 quoe
985 3198 1070 3281 passi
1108 3199 1156 3262 vel
1191 3200 1370 3293 perpessuri
1394 3200 1460 3263 sint

336 3302 454 3367 iniusta
478 3322 553 3368 osse.

427 3605 447 3673 ¹)
468 3602 907 3672 cr.s0h01.Ari‹toph.Aeh332
937 3604 962 3673 (h
982 3602 1102 3677 Τήλεφος
1130 3606 1196 3659 κατὰ
1213 3604 1256 3659 τὸν
1274 3605 1460 3676 τραγῳδοποιὸν

335 3689 468 3765 Αἰσχύλον,
487 3690 529 3746 ίνιι
548 3689 613 3763 τύχῃ
632 3693 699 3763 παρὰ
717 3698 757 3745 rol
781 3687 891 3759 Ἕλλησι
913 3694 1044 3765 σωτηρίας,
1056 3694 1099 3747 τὸν
1114 3687 1231 3767 Ὀρέστην
1244 3695 1293 3767 είχι
1306 3693 1461 3765 συλλαβών),

338 3783 411 3852 qnod
430 3781 465 3835 ad
484 3781 634 3851 Euripidis,
652 3797 707 3835 non
725 3780 854 3852 Aeschyli
882 3782 1004 3837 fabulam
1033 3785 1159 3853 spectaro
1189 3784 1239 3839 riri
1263 3784 1337 3840 docti
1356 3802 1461 3839 summo

338 3873 396 3924 iuro
426 3870 559 3939 suspicati
588 3874 667 3930 sunt:
695 3871 757 3925 ride
777 3871 869 3939 Vater,
898 3871 943 3925 die
961 3871 1083 3927 Aleaden
1112 3871 1159 3926 dea
1183 3871 1342 3942 Sophocles,
1368 3873 1463 3927 Berlin

342 3956 419 4025 18³5,
437 3975 464 4026 p.
481 3960 526 4023 193
559 3958 665 4026 Nauck,
683 3958 795 4014 ΤΗΝ
813 3977 840 4029 p.
856 3961 899 4014 76.

430 4046 451 4112 ¹)
472 4045 618 4116 Ceteroqui
636 4053 723 4102 totam
742 4046 813 4102 hauc
830 4064 888 4101 rem
912 4048 967 4103 iam
987 4048 1154 4116 Welckcrus,
1182 4050 1236 4104 ‘die
1255 4049 1358 4120 griech.
1371 4050 1463 4121 Treg.’

338 4133 367 4189 11
381 4152 409 4206 p.
422 4136 472 4189 481
490 4139 517 4188 et
530 4136 581 4188 491
597 4137 734 4205 perspexit
753 4136 782 4189 in
801 4153 834 4191 eo
853 4141 962 4189 tuntum
982 4153 1083 4202 anans,
1106 4138 1180 4208 quod
1198 4146 1308 4209 poetam
1327 4141 1461 4195 comicum

338 4222 444 4278 duobus
463 4222 531 4276 locis
561 4222 669 4277 eosdem
689 4222 804 4295 Telephi
834 4240 929 4278 uersos
957 4225 1097 4280 imitatum
1126 4243 1185 4281 esec
1214 4226 1363 4283 iudicarit:
1391 4230 1465 4285 sicut

339 4314 412 4366 enirn
432 4309 645 4380 Aristophanem
673 4312 700 4365 in
720 4312 853 4367 Acharuia
882 4329 976 4368 uersus
995 4312 1111 4385 Telephi
1138 4314 1250 4371 fabulae
1277 4316 1372 4371 finisse
1401 4334 1464 4372 oon-

341 4400 491 4455 cedendurn
512 4400 565 4454 erit
584 4399 629 4466 (cf.
643 4400 706 4457 adn.
723 4400 757 4470 l),
786 4402 826 4455 ita
854 4418 915 4457 mea
945 4400 1053 4473 quidem
1083 4404 1222 4459 sententia
1251 4404 1382 4476 perfacile
1405 4406 1466 4461 fieri

339 4493 457 4559 poteret,
477 4498 510 4543 ut
528 4489 557 4541 in
571 4487 863 4560 Thesmophorirunris
878 4491 929 4544 689
938 4507 989 4561 sqq
1012 4507 1064 4545 non
1079 4498 1170 4547 certae
1185 4493 1344 4562 tragoediae
1358 4494 1466 4548 ratione

339 4576 435 4631 habita
454 4577 600 4632 artificium
621 4580 649 4633 in
668 4595 768 4647 magno
782 4578 937 4634 tabidarum
957 4595 1069 4634 numero
1084 4581 1236 4637 exhibitum
1255 4582 1393 4638 illuderet.
