3717 5434
786 539 1006 601 ..³59-

343 743 523 797 communes
553 732 745 813 adhibuisse,
782 732 898 816 quibus
935 732 1188 816 frequentissime
1219 770 1261 779 --
1291 734 1317 796 si
1344 734 1459 797 molem

338 839 572 923 tragoediarum
595 838 724 922 respicis
748 858 827 921 quae
856 839 1060 923 iniquitatem
1088 839 1201 904 aetatis
1224 830 1292 904 'non
1318 840 1461 906 tulerunt

337 984 378 994 -
413 946 446 1010 in
486 965 578 1010 nsum
617 946 735 1011 vocatis
775 948 884 1029 poetae
923 965 1050 1011 scaenas
1090 946 1174 1029 ipsas
1210 946 1363 1029 fingentes
1399 958 1460 1010 non

336 1054 505 1137 paululum
529 1052 769 1119 adiuvabantnr.
817 1052 860 1115 Hi
876 1052 938 1117 loci
955 1071 1136 1118 communes
1158 1072 1250 1135 quem
1275 1051 1306 1115 in
1332 1052 1461 1117 modum

339 1160 404 1223 nati
428 1160 503 1241 sint,
539 1159 590 1223 rix
615 1159 755 1223 dubitari
789 1159 903 1241 potest.
950 1158 1109 1224 Plurimos
1131 1158 1185 1243 (cf.
1203 1159 1234 1223 Π
1254 1159 1290 1243 6)
1313 1152 1462 1223 addentur

336 1267 445 1349 poetae
475 1286 493 1330 a
522 1266 719 1330 contentione
749 1266 866 1329 forensi
900 1264 1100 1349 repetiviss03
1136 1265 1192 1329 alii
1224 1265 1328 1329 neseio
1359 1284 1397 1329 an
1427 1284 1462 1329 ex

336 1353 540 1456 praescriptis
577 1372 738 1435 rhetorum
772 1372 879 1436 hausti
914 1371 989 1454 sint,
1026 1391 1157 1457 quorum
1191 1373 1294 1455 (velut
1322 1372 1460 1455 Thrasy·

337 1479 457 1563 machi)
480 1480 563 1543 artes
588 1477 739 1559 oratoriae
762 1478 827 1542 iam
854 1478 964 1562 quinto
990 1478 1114 1543 saeculo
1139 1478 1317 1559 exstabant3
1347 1480 1405 1543 hac
1428 1478 1462 1543 in

336 1605 370 1650 rc
393 1586 427 1649 in
452 1604 601 1668 suspenso
624 1584 762 1668 relinqui
789 1585 928 1668 apparet,
969 1586 1133 1650 curiusnam
1169 1586 1224 1649 ant
1255 1605 1462 1668 quorumnam

336 1692 434 1756 libros
458 1693 568 1776 poetae
591 1691 739 1756 manibus
769 1690 974 1773 tenuerint.¹)
1020 1692 1163 1756 Tertium
1193 1711 1293 1775 genus
1324 1692 1461 1757 locorum

340 1799 374 1862 in
400 1798 594 1863 orationibus
619 1799 797 1881 supplicum
823 1798 995 1863 exhibitum
1032 1800 1117 1863 idern
1145 1800 1201 1881 est,
1238 1818 1299 1883 quo
1323 1798 1462 1882 potentes

339 1904 371 1968 in
395 1904 540 1987 precihus
564 1906 604 1970 ad
632 1906 704 1970 deos
740 1905 847 1983 missis
884 1905 1028 1969 utuntur.
1077 1904 1164 1983 Quae
1200 1924 1272 1971 curn
1306 1904 1353 1969 ita
1387 1905 1464 1993 sint,

337 2031 397 2075 usu
420 2010 615 2095 tragicorum
640 2011 823 2095 saepissime
847 2011 932 2075 idem
948 2012 1153 2077 tractantium
1171 2011 1321 2076 accidisse
1344 2010 1463 2095 opinor,

338 2118 373 2182 ut
396 2117 553 2202 paulatim
577 2101 658 2181 certa
685 2116 839 2200 quaedam
864 2117 944 2181 ratto
975 2118 1116 2201 petentes
1141 2118 1312 2183 inducendi
1337 2136 1463 2181 enasce-

337 2226 433 2289 retur.
493 2224 569 2287 Rem
605 2224 651 2288 ita
685 2242 751 2289 sese
787 2223 902 2288 habere
939 2224 987 2287 vel
1022 2223 1097 2288 inde
1132 2224 1343 2309 cognoscitur,
1381 2226 1465 2308 quod

338 2329 523 2413 Sophoclem
558 2328 663 2415 plures
682 2330 781 2395 vlocos
819 2349 1000 2395 communes
1037 2350 1132 2414 quarn
1170 2328 1372 2414 Aeschylum,
1407 2329 1465 2395 illo

338 2438 443 2502 antem
466 2437 573 2520 plures
599 2437 785 2522 Euripidem
822 2437 1023 2520 usurpavisse
1058 2436 1262 2501 manifestum
1300 2437 1356 2501 est.
1404 2436 1465 2502 Sed

339 2543 470 2626 quaerat
494 2542 664 2627 quispiam,
700 2546 783 2609 unde
818 2544 992 2628 explicetur
1016 2544 1172 2610 eiusmodi
1200 2564 1326 2609 scaenas
1350 2543 1383 2607 in
1407 2544 1465 2608 tali

339 2649 502 2730 poetarum
525 2667 630 2712 amore
664 2649 772 2713 fuisse.
821 2650 870 2713 Ad
899 2669 995 2733 quam
1032 2650 1248 2734 quaestionem
1283 2649 1465 2715 solvendam

338 2772 399 2817 non
425 2755 480 2818 abs
504 2773 538 2817 re
562 2754 632 2837 erit,
658 2756 834 2819 accuratius
858 2756 1061 2839 perscrutari,
1090 2758 1244 2838 quantum
1269 2757 1462 2821 momentum

340 2879 469 2924 scaenae
508 2860 632 2924 nostrae
671 2860 805 2925 afferant
843 2862 882 2923 ad
921 2862 1004 2925 totas
1051 2861 1175 2926 fabulas
1215 2862 1463 2931 conformandus.
1579 2931 1585 2941 ,

340 2964 428 3043 Quod
455 2966 583 3049 quidem
609 2968 784 3050 spectantes
809 2985 936 3031 scaenas
961 2966 994 3029 in
1024 2966 1101 3031 duas
1136 2970 1241 3050 partes
1279 2966 1465 3032 dividendas

341 3091 419 3137 esse·
432 3072 619 3137 iudicamus.
668 3071 808 3151 Quarum
833 3074 932 3138 altera
956 3092 1007 3137 eas
1031 3072 1169 3137 actiones
1202 3072 1352 3153 continet,
1388 3092 1467 3156 quae

339 3178 371 3241 in
414 3180 533 3244 fabulis
568 3180 801 3245 conformandis
837 3182 892 3244 aut
926 3180 1017 3263 parvi
1056 3180 1111 3244 aut
1152 3178 1275 3248 nullius
1314 3178 1467 3243 momenti

339 3286 477 3352 fuerunt.
526 3286 619 3352 (ladit
641 3288 685 3367 id,
709 3287 746 3351 nt
772 3287 921 3371 exemplis
939 3288 1020 3367 utar,
1044 3287 1123 3351 etin
1141 3284 1303 3369 Euripidis
1319 3285 1467 3351 Hecubae

340 3392 464 3457 fabullae
489 3411 596 3458 versus
621 3394 771 3476 ‘251sqq,
808 3393 923 3477 quibus
949 3394 1078 3458 Hecuba
1105 3392 1193 3457 Ulixi
1229 3392 1396 3477 supplicat,
1434 3393 1466 3457 et

339 3498 371 3563 in
409 3499 549 3564 eiusdem
585 3501 694 3581 poetae
729 3490 914 3583 Iphigeniae
939 3498 1121 3564 Aulidensis
1158 3518 1265 3564 versus
1292 3500 1466 3582 llddsqq,

341 3606 396 3669 ubi
421 3606 648 3689 Clytaemestra
683 3606 768 3670 filiae
803 3610 937 3671 mortem
974 3607 1159 3689 deprecatur
1183 3606 1275 3687 atque
1299 3604 1468 3690 Iphigenia

342 3711 409 3793 ipsu
434 3712 565 3795 supplex
589 3712 723 3794 genibus
746 3713 846 3796 patris
871 3714 997 3778 accidit.
1046 3713 1150 3778 Ulixes
1173 3713 1258 3777 enim
1275 3713 1467 3796 Polyxenam

343 3819 383 3881 ad
407 3821 540 3883 mortem
564 3819 703 3897 abducit,
729 3821 872 3901 quamvis
896 3824 998 3885 mater
1015 3821 1220 3886 lamentetur:
1244 3819 1329 3883 idem
1345 3819 1465 3884 factum

344 3927 433 4003 esset,
461 3924 488 3988 si
512 3926 641 3989 Hecuba
675 3927 836 3991 tacuisset.
885 3928 1008 3991 Pariter
1043 3926 1076 3989 in
1107 3926 1275 4010 Iphigenia
1299 3924 1467 3990 Aulidensi

346 4048 447 4114 nequo
471 4031 698 4113 Clytaemestra
722 4052 823 4116 neque
844 4033 1011 4115 iphigenia
1035 4032 1181 4115 precibus
1206 4032 1271 4096 suis
1297 4031 1467 4116 quiequam

343 4140 572 4220 assequuntur3
612 4138 688 4220 quin
725 4140 821 4201 etiarn
859 4138 1025 4221 Iphigenia
1065 4138 1097 4201 in
1136 4138 1278 4203 uersibus
1305 4138 1388 4203 1368
1399 4156 1467 4221 sqq.

344 4243 430 4307 ultro
464 4242 690 4307 immolandam
727 4262 794 4307 sese
830 4244 931 4325 offert,
967 4244 1000 4307 id
1036 4244 1119 4325 quod
1145 4244 1289 4308 ducentis
1325 4242 1468 4308 versibus

437 4494 456 4555 ¹)
475 4492 608 4547 Similiter
627 4493 731 4547 indicat
750 4492 871 4560 Norden,
891 4492 942 4547 Dte
957 4491 1051 4547 antiko
1065 4490 1238 4561 Kunstprosa
1257 4508 1318 4546 rom
1334 4490 1467 4546 asaban.

344 4599 368 4636 r.
383 4581 447 4637 Chr.
468 4581 510 4637 hle
529 4582 558 4635 in
576 4582 621 4637 die
639 4582 699 4636 Zeit
717 4582 766 4637 der
784 4580 978 4650 Muahaance,
996 4579 1155 4651 ch.1898,
1174 4597 1200 4650 p.
1214 4580 1257 4635 29.
