3717 5434
898 546 1155 621 -6·2--Ι

540 751 576 835 4)
598 751 832 835 Nonnunquam
857 751 974 816 formae
1008 751 1183 835 bisyllabae
1214 751 1285 815 aliis
1310 771 1382 815 cum
1406 752 1572 819 vocabulis

446 878 501 942 per
524 859 626 923 erasiu
651 857 834 923 coniunctae
857 858 908 923 rel
946 860 979 923 in
1004 857 1227 943 synecphonesi
1262 858 1381 940 positae
1419 859 1572 942 leguntur

534 982 630 1036 nosen.
642 982 718 1051 Sept.
734 982 815 1036 rora:
834 981 884 1052 qa
904 996 949 1053 σφε
968 982 1048 1052 sepo
1067 982 1145 1034 ease
1163 979 1272 1035 tronto
1292 981 1373 1050 aare.

535 1110 569 1187 5)
592 1107 675 1172 'lum
697 1108 806 1190 poetae
830 1107 902 1172 ante
926 1107 1049 1173 vocales
1074 1108 1275 1190 insequentes
1299 1107 1415 1171 formas
1437 1107 1570 1173 elisione

445 1215 606 1278 truncatas
631 1215 823 1278 adhibebant

535 1336 792 1406 Aesch.rig.132‘l:
835 1331 900 1397 ἅπαξ
918 1338 963 1391 ἔτ’
984 1337 1061 1392 εἰπεῖν
1081 1338 1158 1410 ῥῆσιν,
1176 1337 1205 1390 ob
1223 1339 1317 1407 θρῆνον
1337 1335 1415 1392 θέλω.

535 1466 567 1545 6)
592 1462 734 1546 Denique
759 1464 911 1530 vocabula
933 1464 966 1527 in
990 1464 1053 1528 fine
1076 1462 1213 1528 trimetri
1241 1463 1447 1528 inveniuntur

536 1604 631 1660 hosen.
645 1604 712 1662 Cho.
731 1604 810 1659 1055:
835 1604 960 1657 ποταίνιον
978 1606 1025 1675 γὰρ
1044 1603 1108 1673 αἷμά
1127 1620 1165 1657 σοι
1184 1610 1264 1675 χεροῖν
1284 1604 1326 1657 ἔτι.

535 1748 579 1813 Ex
617 1748 667 1812 his
707 1748 883 1813 rationibus
918 1749 1034 1814 sannas
1073 1748 1216 1813 trimetro
1255 1746 1414 1812 inserendi
1455 1748 1568 1829 prime,

447 1856 556 1935 altera,
591 1854 695 1935 tertia,
731 1855 914 1938 quartani
939 1858 1010 1937 pote
1035 1873 1114 1938 quae
1138 1853 1297 1919 rarissime
1324 1854 1523 1937 reperiantur
1534 1854 1568 1935 ¹),

445 1962 568 2027 nullius
592 1962 655 2027 fere
679 1961 830 2026 momenti
855 1963 939 2026 sunt.
988 1959 1077 2039 Quod
1103 1980 1174 2025 eum
1198 1960 1244 2025 ita
1267 1961 1320 2042 sit,
1354 1960 1567 2044 potissimum,

445 2071 481 2134 ut
504 2069 639 2148 videtur,
675 2070 784 2154 poetae
807 2071 862 2133 ant
897 2067 1035 2133 vocalem
1070 2068 1243 2132 formarum
1271 2066 1400 2131 finalem
1435 2066 1567 2131 elisione

446 2175 651 2241 abscidebant
675 2176 730 2239 aut
753 2176 886 2258 integris
910 2174 1020 2240 formis
1056 2176 1227 2239 utebantur
1259 2174 1290 2237 in
1316 2174 1435 2238 exitum
1460 2192 1567 2239 versus

444 2281 632 2347 transiectis.
680 2281 740 2347 Sed
764 2301 803 2346 ne
827 2284 916 2364 putes
934 2281 1048 2345 formas
1066 2280 1195 2345 elisione
1218 2282 1379 2346 truncatas
1404 2282 1434 2345 et
1450 2279 1568 2345 formas

447 2388 478 2452 in
514 2388 738 2453 terminatione
772 2388 911 2453 trimetri
946 2388 1064 2469 positas
1100 2387 1218 2470 pariter
1252 2387 1290 2451 ad
1329 2390 1465 2451 metrum
1494 2406 1568 2451 con·

444 2495 578 2575 venisse,
613 2494 741 2559 illasio
767 2513 859 2559 versu
896 2494 1120 2558 commodiores
1156 2494 1255 2557 luisse
1290 2512 1326 2557 ea
1364 2512 1399 2557 ex
1422 2512 1456 2557 re
1478 2491 1569 2557 colli·

446 2600 542 2683 gitur,
590 2602 672 2684 quod
719 2600 864 2664 omnibus
910 2600 1049 2665 trimetri
1096 2600 1172 2665 loeis
1219 2599 1362 2665 adhiberi
1412 2601 1568 2683 poteraut,

447 2708 616 2772 dummodo
652 2708 782 2772 verbnm
806 2727 823 2770 a
850 2708 950 2772 vocali
985 2707 1139 2791 incipiens
1174 2706 1402 2790 insequeretur,
1438 2704 1569 2769 alterius

445 2816 552 2878 autem
590 2814 715 2898 generis
753 2814 871 2878 formae
910 2834 1032 2897 semper
1075 2814 1183 2878 eodem
1230 2814 1296 2878 loco
1343 2812 1570 2879 collocarentur

446 2939 571 2986 necesse
612 2920 722 3005 erati)
785 2922 940 3001 Quoniam
980 2940 1050 2985 vere
1090 2920 1243 3003 quomodo
1282 2920 1400 2983 formae
1438 2917 1569 2984 elisione

445 3029 607 3092 truncatae
631 3028 773 3091 trimetro
797 3027 957 3092 immissae
982 3028 1056 3105 sint,
1088 3027 1151 3090 iam
1177 3025 1327 3091 Verrall
1351 3026 1384 3089 in
1409 3043 1567 3089 commen·

444 3133 564 3197 tatione
587 3134 716 3198 laudata
739 3134 890 3215 exposuit,
915 3135 996 3198 ratio
1020 3152 1108 3199 voces
1134 3134 1166 3196 in
1191 3132 1252 3197 fine
1277 3132 1414 3197 trimetri
1431 3132 1567 3215 ponendi

445 3238 580 3304 maxime
602 3238 683 3304 mihi
708 3239 832 3305 videtur
855 3240 953 3323 digna
977 3260 1054 3322 esse,
1083 3258 1162 3323 qnae
1186 3240 1362 3304 accuratius
1387 3239 1568 3322 indagetur.

448 3366 661 3375 ——-—-—.

536 3434 558 3503 ¹)
578 3433 676 3489 Elucat
704 3435 817 3504 tragicis
847 3435 946 3489 termas
978 3440 1042 3490 antu
1072 3434 1204 3490 rrrcabula
1236 3434 1340 3490 duabus
1369 3434 1496 3488 consonis
1527 3432 1568 3487 in·

447 3524 546 3580 chnata
574 3524 770 3594 usurpantibus
798 3524 907 3579 easdem
937 3524 1073 3579 sinrilesra
1103 3524 1283 3579 difficultates
1311 3524 1461 3579 occurrisse
1485 3528 1568 3593 atque

447 3614 533 3685 epicis
553 3630 632 3667 voces
652 3613 784 3667 tribrores
804 3615 832 3667 iu
852 3613 972 3668 ruralem
994 3613 1147 3667 desinentes
1169 3614 1256 3667 reruni
1275 3612 1385 3667 heroico
1403 3612 1568 3667 immissnris

448 3701 494 3771 (ci.
514 3702 643 3773 Singulas
670 3702 727 3757 und
756 3702 849 3756 Plnral
877 3720 902 3772 p.
916 3701 972 3771 30).
1020 3703 1070 3757 Vis
1098 3703 1209 3771 saepius
1238 3702 1357 3757 secunda
1389 3701 1495 3756 rationu
1524 3702 1567 3755 usi

448 3798 547 3863 poetae
565 3792 668 3847 formas
687 3792 715 3844 in
734 3792 789 3845 arsi
817 3790 908 3845 solnta
937 3790 1084 3861 ponebant,
1114 3792 1241 3861 qnoniam
1270 3791 1319 3846 tali
1350 3790 1430 3845 urorlo
1461 3790 1490 3843 iu
1509 3790 1568 3845 uni·

447 3898 556 3937 versum
574 3897 608 3935 es
626 3885 734 3935 tantum
763 3880 885 3936 bibroria
914 3880 1003 3935 versui
1033 3881 1156 3935 trimetro
1184 3882 1306 3935 immissa
1325 3896 1384 3934 osso
1411 3886 1566 3945 corutum

448 3969 548 4041 quibus
575 3968 736 4025 uocabulum
764 3968 883 4025 tribuere
910 3970 1074 4039 incipiebat;
1105 3970 1134 4023 ei
1170 3968 1209 4025 W.
1230 3968 1354 4037 schulze,
1385 3968 1568 4035 Quaestionos

446 4060 539 4130 opicae
558 4077 585 4131 p.
598 4058 659 4115 t‘l'l.
697 4058 739 4113 De
768 4059 853 4113 tertia
881 4064 910 4113 et
940 4064 1039 4129 quarta
1068 4060 1175 4113 rationo
1204 4058 1265 4113 ride
1295 4056 1325 4112 Ο.
1344 4058 1374 4113 F.
1390 4056 1499 4127 Miller,
1530 4056 1570 4111 Do

447 4146 564 4217 pcdrbus
581 4146 682 4203 solutis
700 4148 729 4201 in
748 4146 919 4217 dialogorum
939 4148 1055 4201 senariis
1074 4146 1210 4217 Aeschyli,
1242 4146 1396 4218 Sophoclis,
1420 4144 1570 4217 Euripidis,

445 4234 535 4291 Berol.
550 4236 628 4305 1866,
649 4253 675 4307 p.
690 4236 806 4307 lltsqq.
831 4235 1061 4303 huebner-Biana,
1075 4235 1271 4291 Ausihbrliche
1284 4235 1454 4291 Grammatih
1469 4250 1495 4289 u.
1505 4252 1527 4289 s.
1539 4252 1569 4295 v,

444 4320 502 4379 11⁸
519 4342 546 4394 p.
560 4324 679 4395 2⁴20sqq.

537 4412 656 4481 'lhdde
674 4413 748 4485 quod
776 4429 869 4469 corum
899 4413 1093 4469 vocabulorum
1122 4430 1251 4469 uumerus
1279 4414 1348 4469 satis
1375 4430 1492 4485 maguus
1518 4420 1570 4479 set,

450 4518 521 4573 quse
539 4501 653 4557 elisione
671 4503 794 4557 truncsri
812 4518 867 4557 uon
889 4502 992 4559 licebat
1011 4502 1045 4569 (o.
1062 4521 1085 4558 c.
1103 4502 1171 4575 γόνυ,
1190 4502 1253 4575 napi,
1273 4500 1320 4570 ὅτι,
1346 4500 1401 4573 τίνι,
1427 4500 1482 4573 τινί,
1510 4502 1570 4575 pepi,

444 4588 509 4657 soit
527 4588 611 4662 pror,
628 4590 700 4662 ppos(
719 4590 794 4660 slis).
