3717 5434
741 495 991 574 '-sr-

315 712 366 777 vel
402 709 519 795 optime
555 707 764 789 concluditur,
805 707 889 791 quod
928 704 1094 790 scriptores
1134 704 1268 787 prosaici
1304 702 1436 767 Platone

315 838 390 883 sane
444 817 568 899 excepto
578 816 602 898 ¹)
652 814 916 898 praepositionem
975 812 1047 877 aute
1103 830 1217 876 nomeu
1273 809 1435 893 ponunt).

316 925 400 988 Hinc
438 924 534 1007 patet,
582 922 659 1005 quid
698 922 808 1005 poetae
853 918 967 1001 tragici
1013 919 1046 983 in
1082 917 1311 1011 praepositione
1360 916 1435 982 sub-

316 1031 453 1095 stantivo
490 1028 675 1094 subicienda
714 1027 784 1092 ausi
812 1027 893 1091 sint:
933 1044 1068 1107 namque
1108 1024 1235 1090 causis
1258 1023 1436 1088 metricis

316 1136 442 1201 coacti
466 1138 513 1201 ad
536 1153 767 1219 proavorum
803 1132 1104 1198 consuetudines
1127 1131 1371 1215 refugientes
1395 1150 1437 1195 ex

316 1242 429 1326 poesi
453 1242 612 1306 vetusta
634 1258 743 1305 usum
778 1239 1073 1323 indagaverunt,
1100 1238 1165 1323 qui
1201 1238 1292 1302 tunc
1314 1256 1436 1321 neque

316 1349 417 1431 apud
442 1347 649 1429 scriptores
673 1365 811 1429 prosae
835 1344 1028 1410 orationis
1053 1364 1174 1428 neque
1198 1344 1236 1408 in
1261 1363 1437 1409 sermone

316 1454 516 1520 cotidiano
539 1451 740 1537 vigebatit.
1366 1522 1367 1525 Ἴ

406 1560 466 1626 Sed
513 1580 552 1625 ne
599 1559 719 1624 diutius
766 1558 799 1622 in
846 1558 950 1623 rebus'
981 1557 1189 1641 apertissimis
1229 1556 1436 1639 demoremur,

316 1668 431 1731 iamin
455 1668 599 1751 singulas
638 1664 884 1748 praepositiones
923 1665 1102 1729 accuratius
1127 1664 1380 1749 inquiramus4).

411 1774 445 1858 1)
468 1773 585 1856 περίε
622 1773 667 1838 Ut
689 1773 728 1837 ab
753 1790 790 1835 ea
813 1772 1043 1856 praepositione
1079 1771 1238 1837 exordium
1273 1771 1437 1853 faciamus,

317 1900 396 1964 quae
439 1880 600 1945 interdum
639 1879 735 1943 etiam
775 1880 859 1962 apud
898 1878 1064 1962 scriptores
1097 1879 1253 1962 prosaicos
1290 1879 1324 1942 iu
1363 1898 1438 1943 ana-

316 1989 446 2072 strophe
461 1986 590 2071 legitur,
606 1986 708 2069 primo
724 1985 792 2050 loco
808 1985 843 2049 id
855 1986 1092 2050 memorandum
1111 1987 1159 2050 est
1174 1986 1437 2070 praepositionem

317 2168 530 2178 --.---,.-

409 2254 430 2322 ¹)
449 2254 477 2308 Is
497 2253 568 2308 anim
589 2283 621 2292 -
636 2257 668 2307 ut
685 2254 714 2306 in
733 2254 890 2307 universum
909 2257 1053 2323 poetarum
1066 2270 1218 2309 sermonem
1242 2254 1370 2311 imitatur
1388 2256 1438 2325 (ef.

316 2342 449 2410 Singulas
461 2342 517 2396 und
535 2341 630 2396 Plural
649 2358 675 2410 p.
690 2341 742 2394 948
761 2342 833 2412 sqq.)
854 2371 886 2379 -
906 2342 1137 2418 praepositionem
1155 2341 1211 2412 περί
1231 2360 1292 2398 cum
1312 2346 1437 2413 genetivo

319 2432 493 2484 coniunctam
506 2430 679 2486 substantivo
698 2430 762 2485 inde
781 2430 912 2499 pendenti
935 2446 1130 2500 nonnunquam
1149 2431 1250 2485 subicit
1270 2432 1332 2487 aliis
1359 2451 1437 2489 roca-

318 2520 391 2574 hniis
410 2520 596 2588 interpositis;
616 2520 650 2573 ci.
667 2518 887 2574 Kuehner-Blasa
906 2517 961 2573 Ι11
979 2536 1006 2589 p.
1020 2518 1080 2573 333.

411 2606 434 2675 ¹)
454 2608 625 2662 comicorum
645 2624 708 2662 vcro
727 2612 871 2678 poetarum
900 2607 1105 2677 ¹Aristophanes
1124 2610 1356 2680 praepositionem
1383 2611 1438 2681 περί

319 2714 381 2752 cum
400 2697 529 2766 genetivo
560 2695 661 2749 dictam
684 2696 765 2749 ities
795 2695 824 2747 in
855 2696 1050 2767 anastrophem
1069 2698 1209 2765 admittit3
1244 2704 1387 2769 praeterae
1410 2704 1439 2754 et

319 2786 393 2856 apud
411 2778 490 2840 illum
509 2791 538 2841 et
563 2784 637 2855 apud
656 2788 762 2839 ceteros
792 2785 909 2838 comicos
939 2785 1066 2840 traiectio
1098 2788 1332 2858 praepositionum
1351 2790 1380 2844 in
1399 2791 1439 2843 eis

321 2879 430 2929 tantum
447 2874 570 2929 uersibus
589 2875 736 2939 invenitur,
759 2874 808 2928 uhi
826 2879 923 2943 poetes
943 2874 1063 2943 tragicos
1082 2881 1131 2930 aut
1143 2876 1288 2931 imitantur
1306 2882 1357 2932 ent
1374 2877 1437 2933 iilu-

320 2965 390 3019 dunt
408 2963 455 3033 (ci.
465 2963 558 3033 Tycha
577 2964 737 3026 Mommsen,
749 2964 879 3031 Baitrege
898 2979 931 3015 au
945 2963 994 3017 der
1004 2963 1091 3018 Lehre
1110 2980 1162 3017 von
1176 2965 1229 3019 den
1248 2966 1438 3035 griechischen

317 3054 536 3123 Prepesitiouen,
559 3052 632 3107 Berl.
654 3052 730 3120 1895,
755 3068 780 3121 p.
801 3052 854 3110 644
872 3068 913 3122 sq.
933 3050 985 3107 653
1005 3070 1062 3123 sq.;
1081 3052 1311 3109 Kuehner·Gerth
1330 3054 1348 3111 1.
1367 3074 1391 3111 c.
1409 3055 1439 3110 II

320 3140 347 3194 1Ι
367 3159 394 3211 p.
413 3141 484 3203 455).
521 3142 593 3196 Hinc
612 3142 720 3196 videtur
733 3140 916 3210 colligendum
927 3157 987 3197 asse
1010 3142 1204 3213 anastrophem
1223 3145 1435 3215 praepositionis

319 3230 373 3300 περί
392 3232 475 3286 etiam
506 3232 535 3284 in
566 3232 670 3300 volgari
700 3230 896 3285 consuetudine
928 3230 1060 3285 usitatam
1088 3230 1187 3297 iuissa;
1233 3232 1307 3288 idem
1335 3233 1378 3288 rel
1406 3252 1438 3290 ao

317 3325 463 3391 comparet,
483 3320 556 3390 quod
585 3319 639 3389 περί
666 3336 727 3374 cnm
747 3320 874 3388 genetivo
907 3320 982 3374 dicta
1011 3319 1054 3373 bis
1082 3322 1110 3374 in
1141 3322 1369 3391 inscriptionibus
1391 3324 1439 3379 Aa·

318 3410 381 3464 tieis
418 3409 465 3477 (ei.
497 3409 690 3477 Meisterhans‚
731 3408 902 3463 Gremmeuik
934 3408 983 3461 der
1016 3408 1161 3465 Attischen
1197 3410 1374 3480 Inschriitcu,
1396 3414 1439 3469 ed.

320 3499 379 3566 alt,
397 3499 492 3553 Berlin
513 3497 590 3565 1889,
620 3515 648 3568 p.
670 3496 720 3551 180
738 3496 800 3551 adn.
823 3494 902 3565 1496)
923 3496 958 3573 ad
987 3497 1182 3568 anastrophem
1201 3499 1366 3557 admittitur.

411 3584 434 3657 3)
454 3586 542 3652 Quem
585 3588 685 3641 acriter
727 3585 852 3639 traiectio
901 3586 1135 3656 praepositionum
1176 3604 1255 3643 aures
1291 3587 1440 3645 Athenien·

319 3678 390 3730 sium
409 3674 512 3730 saeculi
526 3674 615 3745 quinti
633 3674 755 3742 laeserit,
774 3674 888 3744 parodia
906 3679 1050 3743 poetarum
1070 3676 1234 3730 comicorum
1266 3674 1347 3734 docet
1364 3678 1439 3746 (ride

318 3764 382 3818 adn.
402 3764 438 3833 2).
476 3762 518 3819 Oi.
538 3764 622 3819 etiam
641 3762 755 3818 Aristot.
784 3768 858 3832 poet.
877 3763 948 3817 cti
968 3782 994 3833 p.
1017 3764 1083 3818 1459
1104 3781 1120 3817 a
1140 3764 1167 3819 l:
1201 3761 1355 3837 Ἀριφράδης
1382 3768 1439 3824 τοὺς

315 3850 458 3921 τραγῳδοὺς
477 3850 617 3923 ἐκωμῴὸει,
636 3850 673 3903 ὅτι
693 3852 709 3903 d
727 3850 806 3907 otest:
825 3851 855 3903 ἂν
874 3851 936 3904 εἴποι
957 3852 981 3903 ἐν
1000 3853 1032 3923 τῇ
1052 3852 1185 3923 διαλέκτῳ,
1204 3853 1298 3912 τούτοις
1316 3862 1439 3927 χρῶνται,

316 3939 368 3989 oica
387 3938 415 3990 τὸ
432 3935 569 4007 ’δωμάτων
597 3941 654 3993 ἅπο’
687 3939 753 3992 ἀλλὰ
784 3941 819 4009 μὴ
850 3937 909 3992 ιἀπὸ
942 3940 1077 4008 δωμάτων’
1108 3942 1152 3995 καὶ
1182 3942 1211 3994 τὸ
1239 3939 1330 3995 ‘other'
1349 3944 1392 3996 aad
1410 3944 1439 3997 τὸ

314 4024 375 4096 ‘epe
394 4025 421 4079 δέ
448 4024 493 4078 vrs'
521 4030 562 4082 sat
589 4030 617 4082 τὸ
645 4026 796 4101 (Ἀχιλλέως
815 4029 887 4098 πέρι’,
916 4028 982 4107 ἀλλὰ
1014 4029 1049 4100 μὴ
1066 4026 1131 4100 ’περὶ
1159 4024 1308 4103 ’Appetitas'
1331 4033 1374 4087 καὶ
1393 4031 1438 4087 ὅσα

315 4114 384 4169 ἄλλα
401 4118 512 4170 τοιαῦτα.

412 4203 434 4274 ⁴)
454 4205 505 4261 Vix
525 4205 643 4260 addetur
661 4210 772 4276 oportet
787 4207 906 4275 tragicos
919 4211 1029 4277 praeter
1047 4206 1119 4272 illas,
1139 4225 1207 4278 quas
1224 4225 1275 4264 nos
1295 4210 1323 4265 in
1343 4226 1438 4279 quaes·

320 4294 423 4351 tionem
443 4293 607 4362 vocabimus,
626 4295 845 4367 praepositiones
856 4296 933 4349 ‘elias
962 4294 1009 4350 hic
1028 4296 1086 4351 illic
1104 4297 1133 4352 in
1161 4297 1330 4368 anastrophe
1349 4298 1437 4353 collo-

319 4383 423 4438 cavisse
442 4382 519 4437 veiut
536 4381 610 4453 tutp;
641 4384 671 4438 id
690 4400 799 4455 quoque
817 4384 898 4439 metri
918 4385 1011 4454 gratie
1030 4385 1134 4439 iactum
1161 4401 1222 4441 esso
1241 4375 1305 4440 inde
1323 4391 1438 4457 apparet

320 4471 393 4541 quod
411 4471 463 4525 hoe
487 4471 649 4527 uocabulum
674 4474 769 4541 nirereui
800 4473 884 4527 inseri
911 4488 966 4527 non
999 4478 1109 4542 poterat
1136 4475 1190 4528 uisi
1208 4478 1273 4529 aute
1291 4473 1440 4531 verbume

317 4575 436 4614 consona
460 4559 602 4630 incipiens.

1246 4652 1277 4706 5.
