3717 5434
865 584 1086 648 ..42-

506 782 570 838 Eur.
583 781 616 837 fr.
630 779 728 848 495,λὸ

658 911 665 925 .
702 911 710 925 .
748 909 754 923 .
791 864 1184 938 μητρθςῶκαοέγνητ<οι
1202 864 1308 938 φίλης,

606 959 665 1013 Π.
702 998 710 1013 .
747 998 755 1013 .
791 956 851 1027 πρὸς
868 954 936 1008 θεῶν
956 953 1064 1024 θρᾶτ<ε
1083 953 1210 1025 μηδαμῶς
1228 952 1294 1005 τάδε.

508 1100 637 1165 Maioris
664 1101 769 1167 antem
792 1100 946 1164 momenti
971 1116 1066 1183 quam
1091 1116 1170 1181 quae
1187 1097 1350 1181 bucusque
1374 1094 1545 1160 attulimus

418 1207 560 1291 exempla
584 1227 618 1272 ea
642 1208 726 1288 sunt,
762 1207 819 1271 nbi
842 1207 949 1290 poetas
974 1224 1100 1288 operam
1125 1204 1199 1269 dare
1229 1204 1381 1286 videmus,
1420 1202 1459 1266 ut
1482 1202 1542 1267 ali-

418 1333 513 1397 quam
537 1313 758 1398 cognationem
792 1313 875 1377 inter
910 1312 1052 1395 petentes
1076 1330 1190 1393 eosque
1214 1311 1269 1395 qui
1293 1310 1424 1375 orantur
1446 1308 1542 1373 insti-

419 1420 522 1486 tuant.
571 1419 639 1498 Quo
663 1418 821 1503 imprimis
845 1419 946 1483 refero
971 1418 1092 1484 lolaum
1117 1418 1151 1481 iu
1176 1416 1338 1500 Euripidis
1363 1414 1542 1480 Heraclidis

421 1527 537 1591 liberos
561 1526 708 1591 Herculis
733 1524 946 1609 Demophonti
982 1524 1129 1608 cognatos
1166 1542 1233 1588 esse
1262 1522 1543 1603 demonstrantem,

422 1634 459 1698 ut
482 1652 572 1716 opem
597 1634 628 1697 et
650 1631 804 1697 auxilium
829 1631 897 1697 eius
921 1631 985 1696 sibi
1009 1629 1164 1711 vindicet3
1189 1632 1253 1696 205
1263 1649 1331 1715 sqq.

659 1773 698 1826 <rot
716 1771 739 1824 δ’
758 1771 794 1829 ὡς
812 1771 908 1843 ἀνάγκη
926 1770 1014 1823 rodeis
1034 1770 1155 1841 βοὺλομαι
1177 1772 1270 1843 φράσαι

659 1856 756 1933 σῴζειν,
774 1861 871 1930 ἐπείπερ
889 1864 964 1932 τῆσδε
982 1866 1124 1930 τροοτατεῖς
1142 1857 1241 1933 χθονὸς.

660 1948 767 2007 Πιτθεὺς
785 1951 830 2019 μέν
849 1949 900 2003 terr
920 1946 1044 2017 Πέλοπος,
1063 1949 1091 2001 ἐκ
1109 1948 1136 2001 δέ
1155 1946 1270 2005 Πιτθέως

659 2037 752 2110 Αἴθρα,
771 2040 853 2111 πατὴρ
872 2037 894 2090 θ’
914 2039 944 2091 ta
960 2038 1035 2110 τῆσδε
1053 2046 1168 2107 γεννᾶται
1187 2035 1257 2090 σέθεν

660 2126 765 2202 Θησεὺς.
784 2127 859 2182 πάλιν
879 2126 906 2179 bt
923 2126 1000 2181 τῶνδ’
1019 2126 1101 2197 osopi
1120 2141 1158 2181 uos
1176 2128 1254 2198 γένος.

591 2220 644 2273 210
657 2214 809 2289 Ἡρακλέης
826 2213 860 2289 ἦν
880 2214 962 2287 Ζηνὸς
981 2212 1129 2288 Ἀλκμήνης
1147 2233 1173 2268 τε
1191 2222 1256 2282 ταῖς,

661 2307 730 2375 ιιεένη
749 2305 776 2359 δέ
795 2302 908 2363 Πέλοπος
926 2303 1060 2375 θυγατρός.
1080 2304 1237 2376 αθτανιψέων

660 2395 742 2468 πατὴρ
761 2394 791 2448 ἂν
810 2395 848 2463 εἴη
868 2395 910 2451 σός
927 2412 955 2446 τε
973 2394 1013 2467 χώ
1032 2392 1128 2446 τούτων
1147 2392 1234 2465 γεγώς·

662 2486 747 2553 γένους
765 2488 809 2551 μέν
828 2482 895 2555 ἥκεις
914 2481 964 2535 ὦδε
982 2483 1070 2550 τοῖσδε,
1089 2478 1219 2555 Δημοφῶν
1227 2482 1257 2553 ¹).

512 2644 619 2709 Simili
652 2645 745 2709 modo
779 2644 813 2708 in
843 2642 1006 2727 Euripidis
1035 2643 1238 2728 Supplieibus
1274 2644 1390 2709 matres
1425 2644 1547 2726 septem

422 2753 538 2817 ducum
563 2752 636 2817 ante
658 2749 783 2816 Thebas
806 2748 1045 2816 interfectorum
1081 2749 1229 2815 ridentur
1257 2748 1438 2833 probavisse
1462 2748 1546 2813 eius-

423 2858 495 2923 dem
518 2857 643 2943 generis
667 2876 700 2923 se
724 2875 791 2922 esse
814 2876 850 2923 ae
872 2857 1044 2937 Theseum3
1071 2858 1135 2922 263

662 3087 688 3145 θς
707 3084 823 3147 Πέλοπος
839 3086 872 3157 ἠν
891 3093 956 3153 παῖς,
976 3082 1102 3146 Πελοπίας
1120 3085 1143 3139 θ’
1161 3086 1233 3159 ἡμεῖς
1251 3085 1343 3159 χθονὸς

662 3174 752 3229 ταύτὸν
770 3178 886 3246 πατρῷον
904 3175 970 3245 stipa
989 3177 1026 3230 ool
1044 3173 1226 3247 suscipata')

511 3337 578 3402 Nec
600 3337 706 3402 minus
730 3338 894 3420 poetamm
918 3336 1061 3403 studium
1097 3338 1179 3402 inter
1202 3337 1345 3422 petentes
1370 3344 1484 3419 eosque
1507 3336 1548 3400 ad

424 3462 502 3529 quos
526 3462 633 3527 preces
657 3443 846 3529 deriguntur
869 3444 1087 3529 cognationem
1111 3443 1300 3510 instituendi
1324 3443 1446 3508 duobus
1471 3442 1549 3509 locis

424 3549 615 3634 illustratur,
639 3550 694 3616 ubi
716 3552 848 3617 Hecuba
871 3550 1129 3636 Agamemnonis,
1162 3550 1389 3636 Clytaemestra
1412 3548 1548 3615 Achillis

424 3655 579 3723 auxilium
602 3657 770 3743 implorat:

518 3922 540 3990 ¹)
558 3922 592 3979 In
619 3940 644 3979 r.
663 3922 713 3977 211
745 3922 885 3995 Reisigius
912 3924 1028 3979 lormsm
1060 3922 1203 3994 αὑτανιψίω
1244 3922 1383 3978 codicibus
1415 3921 1547 3979 traditam

427 4028 532 4067 summo
550 4012 611 4067 iure
628 4013 657 4067 in
677 4010 833 4083 αθτανιψέων
860 4013 989 4075 mutarit,
1017 4013 1146 4084 quonism
1174 4011 1320 4083 αθτανιψίω
1349 4028 1403 4067 uon
1422 4010 1547 4067 'l'bessm

426 4106 456 4157 at
473 4100 607 4158 Hercules
634 4102 698 4172 ipsi,
725 4102 783 4170 aad,
810 4101 840 4156 id
867 4103 941 4172 qnod
968 4102 1017 4157 alii
1046 4117 1156 4173 quoque
1185 4102 1333 4174 scriptores
1360 4100 1449 4169 (solut
1473 4100 1545 4157 Plut.

425 4189 549 4260 Thoan
568 4190 722 4262 perbibent,
753 4194 857 4246 maim
876 4206 970 4247 eorum
989 4191 1110 4247 luerunt.
1148 4190 1239 4262 Atque
1268 4191 1359 4246 neseio
1382 4206 1417 4244 sn
1438 4188 1547 4244 Plutar-

427 4278 496 4335 cbus
514 4279 533 4334 l.
547 4297 580 4350 e,
607 4284 639 4334 ut
666 4279 750 4335 etism
778 4278 828 4335 slii
855 4284 1033 4350 putaverunt,
1068 4296 1162 4336 vorsus
1190 4278 1330 4351 Euripidis
1363 4282 1427 4335 ants
1455 4276 1550 4333 oculos

425 4366 567 4424 babuerit:
595 4366 730 4441 έτέιγχανον
749 4366 777 4420 bt
794 4368 840 4423 aad
857 4370 943 4437 γένους
967 4376 1147 4426 κοινωνοῦντες
1174 4366 1200 4429 ti
1221 4368 1332 4439 mopsus
1351 4366 1428 4432 ὄντες.
1467 4364 1551 4439 lupa

426 4460 471 4526 μέν
498 4458 546 4529 γὰρ
573 4455 604 4529 ἦν
632 4452 746 4514 Πιτθέως
773 4452 893 4527 duritas,
923 4454 1056 4530 Ἀλκμήνη
1085 4456 1111 4509 δέ
1139 4454 1285 4525 domitant,
1315 4454 1435 4527 λυοιθέαη
1463 4454 1489 4507 δέ
1507 4456 1550 4509 aui

426 4541 534 4603 Πιτθεὺς
551 4543 664 4617 λθιλφοέ,
682 4546 810 4617 γεγονότας
827 4544 853 4606 ti
865 4541 1047 4616 Ἱπποδαμείας
1064 4548 1109 4603 καλ
1130 4544 1249 4603 Πέλοπος.

515 4634 539 4702 ⁸)
556 4634 629 4691 Ante
647 4652 671 4690 r.
685 4634 737 4691 26⁸
755 4635 882 4691 munem
901 4652 961 4692 esse
979 4636 1048 4691 vidit
1067 4636 1177 4693 Osutsr.
