3717 5434
748 555 969 618 ..51-

389 752 426 834 2)
449 749 510 816 Sed
533 769 595 815 non
619 750 722 815 solum
757 750 813 834 qni
850 750 892 815 ad
926 769 996 816 aras
1032 750 1243 834 confugerunt
1270 753 1423 835 petentes,

298 877 410 923 verum
433 856 529 921 etiarn
552 855 610 921 alii
633 856 672 921 do
696 856 745 921 dis
768 858 899 921 monent
933 855 982 921 vel
1011 874 1062 922 eos
1098 858 1213 941 quibus
1245 859 1425 942 supplicant

299 963 518 1045 adhortantur,
553 982 592 1027 ne
616 963 723 1045 optata
747 981 804 1027 sna
827 962 1031 1047 neglegentes
1062 962 1135 1029 deos
1159 962 1255 1028 iratos
1279 962 1423 1031 reddant.

389 1104 627 1174 nur.8upp1.301
648 1101 764 1173 (Aethra
782 1103 817 1157 ad
836 1103 949 1172 filium):

514 1191 563 1262 ἐγὼ
582 1192 609 1244 δέ
628 1188 659 1259 τ’,
678 1191 700 1242 ὦ
719 1198 773 1258 παῖ,
791 1198 880 1262 πρῶτα
899 1189 1149 1261 peraccedens

513 1286 612 1333 σκοπεῖν
630 1278 728 1334 κελεύω
747 1279 783 1352 μὴ
803 1276 901 1353 σφαλῇς
920 1281 1051 1351 ἀτιμάσας·

514 1368 615 1441 σφάλλη
633 1370 680 1439 γὰρ
700 1366 826 1441 ἐντούτῳ
846 1370 926 1441 μόνῳ,
945 1366 1017 1423 τᾶλλ’
1037 1370 1064 1423 εὖ
1083 1377 1192 1443 φρονῶν.

389 1495 452 1550 nor.
466 1495 532 1549 llec.
545 1494 597 1548 799
618 1492 742 1563 (Hecuba
761 1494 796 1549 ad
814 1492 1070 1565 Agamemnonem:

514 1578 570 1636 ἀλλ’
589 1582 612 1635 ol
630 1580 683 1635 θεοῖ
703 1581 815 1636 σθένουσι
834 1583 875 1655 χώ
894 1583 985 1636 κείνων
1003 1590 1104 1655 κροτῶν

513 1672 596 1741 νόμος.

390 1887 426 1971 3)
450 1885 571 1952 Similis
607 1886 694 1953 locus
719 1888 776 1971 est,
813 1886 840 1952 si
863 1888 1005 1971 petentes
1041 1889 1096 1971 eis,
1133 1888 1174 1953 ad
1209 1907 1286 1972 quos
1317 1909 1425 1974 preces

301 1995 446 2077 mittunt,
482 1994 628 2059 dedecori
663 1996 694 2059 et
727 1994 922 2076 ignominiae
961 1995 1105 2060 futurum
1141 2015 1207 2060 esse
1243 1996 1362 2079 dicunt,
1398 1998 1426 2063 si

302 2102 409 2184 optata
432 2119 489 2168 sua
512 2101 700 2185 abnegaturi
724 2100 802 2165 sint:

304 2438 478 2496 restitutusl
502 2457 529 2511 p.
542 2439 615 2507 494).
652 2436 800 2509 Ceteroqui
828 2437 953 2509 hospites
981 2455 1099 2509 quoque,
1127 2444 1159 2495 ut
1185 2444 1252 2510 pote
1284 2439 1332 2511 qni
1360 2438 1426 2510 (non

302 2528 393 2585 minna
412 2545 496 2600 qnam
513 2529 653 2600 supplices
673 2528 708 2583 ad
732 2545 793 2583 aras
816 2528 969 2596 vementes)
987 2528 1015 2581 in
1035 2527 1168 2597 peculiari
1196 2527 1308 2584 deornm
1338 2529 1426 2585 tutela

302 2618 375 2689 apud
405 2622 511 2673 veteres
538 2618 652 2685 inerint,
680 2619 709 2672 in
737 2618 887 2688 tragoediis
915 2634 1020 2673 summo
1050 2618 1109 2673 iuro
1138 2618 1254 2673 aliorum
1286 2635 1366 2691 opem
1397 2624 1427 2675 et

301 2706 434 2761 auxilium
453 2722 482 2761 oe
511 2706 565 2759 eibi
592 2706 731 2760 vindicare
760 2722 841 2775 poseo
869 2706 1053 2771 arbitrantur;
1084 2706 1115 2760 id
1142 2706 1218 2777 qnod
1239 2706 1426 2778 copiosissime

301 2795 395 2851 Ulixes
414 2792 582 2864 Polyphemo
601 2794 629 2847 in
648 2792 789 2864 Euripidis
807 2793 927 2864 Cyclope
949 2795 1078 2863 exponit;
1097 2794 1218 2865 288eqq.

516 2936 551 3008 μὴ
569 2935 632 3009 τλῇς
650 2935 710 3006 πρὸς
728 2935 810 2999 οἴκους
829 2936 886 2993 σοὺς
905 2936 1055 3007 ἀφιγμένους
1077 2932 1180 2995 ξένους

514 3032 613 3079 κτανεῖν
633 3028 709 3097 βοράν
727 3043 754 3078 τι
773 3024 878 3096 δυσσεβῆ
895 3023 984 3078 θέσθαι
997 3021 1106 3094 γνάθοις·
1186 3046 1187 3049 “

444 3203 496 3259 999
515 3204 589 3273 νόμος
609 3204 635 3257 δὲ
653 3202 755 3275 θνητοῖς
756 3240 1105 3271 .........

514 3293 596 3350 ἱκέτας
615 3291 731 3366 δέχεσθαι
749 3293 863 3351 ποντίους
881 3290 1053 3364 ἐφθαρμένους

515 3379 597 3441 ξένιά
615 3400 642 3434 τι
661 3382 745 3434 δουναι
763 3382 806 3436 καὶ
825 3381 926 3438 πέπλοις
946 3382 1077 3452 ἐπαρκέσοι
1095 3380 1151 3434 κτλ.

392 3506 434 3561 cl.
449 3510 595 3577 praeterea
612 3506 677 3561 Eur.
690 3506 751 3562 llel.
765 3507 818 3563 954
836 3504 990 3576 (Menelaus
1009 3506 1044 3561 ad
1063 3505 1245 3573 Theonoanr):

515 3590 581 3661 ἀλλ’,
600 3594 621 3647 el
640 3599 685 3664 μὲν
705 3593 783 3665 ἄνδρα
801 3611 839 3649 σοι
858 3594 926 3648 δοκεῖ
945 3599 1024 3647 σῶσαι
1044 3591 1142 3659 ξῖνον,

444 3683 496 3738 956
516 3720 701 3736 .....
738 3689 829 3737 σῶσον.

392 3807 474 3878 Soph.
488 3807 555 3863 Oed.
570 3807 627 3864 Col.
644 3808 712 3864 1935
731 3808 886 3879 (Polynices
906 3809 941 3864 ad
961 3806 1122 3879 Oedipum:

514 3897 612 3970 πτωχοὶ
632 3902 676 3967 μιν
696 3898 769 3969 ἡμεῖς
789 3897 832 3951 καὶ
851 3898 945 3960 ξένοι.

392 4020 455 4075 Ευτ.
468 4020 535 4075 Ηοο.
549 4023 602 4078 809
620 4021 748 4090 (Hecuba
766 4023 802 4077 ad
819 4021 1076 4092 Agamemnonem:

516 4109 559 4178 (et)
579 4109 614 4181 μὴ
633 4110 705 4181 δίκην
725 4110 845 4163 δώσουσιν
865 4111 953 4167 οἵτινες
973 4108 1076 4170 ξένους

515 4196 649 4250 κτείνουσιν
663 4235 1073 4251 ..........

516 4286 563 4341 ουκ
581 4285 645 4341 ἔστιν
664 4286 735 4340 odila
753 4293 806 4339 τῶν
826 4287 850 4339 ῖν
870 4284 1013 4357 ἀνθρώποις
1032 4287 1093 4342 ἴσον.

391 4411 454 4468 lint.
468 4411 564 4484 Suppl.
581 4412 629 4466 171
649 4410 794 4479 (Admetus
814 4413 848 4468 de
865 4412 1001 4469 matribus
1020 4412 1217 4484 supplicibna):

515 4498 596 4553 ἐλθεῖν
616 4497 637 4554 θ’
658 4499 763 4572 ῖτλησοιν
783 4499 854 4571 δεῦρο
873 4501 917 4554 καὶ
939 4498 1023 4561 ξένον
1042 4500 1107 4554 πόθοι

513 4587 603 4643 θιίνσιι.

1232 4680 1264 4732 4ο
