3717 5434
762 570 982 631 ..17-

439 766 533 833 metri
555 766 677 831 ratione
700 784 761 830 non
787 765 894 829 hahita
910 765 995 847 apud
1011 762 1239 849 Aeschylum
1264 784 1430 850 nusquam,

441 873 524 958 apud
541 871 762 955 Sophoclem
778 889 946 955 nusquam,
971 870 1054 954 apud
1075 871 1296 955 Euripidem
1315 872 1430 956 ries1),

311 1003 394 1065 προσ-
418 981 496 1065 (εἰσ,
521 979 579 1062 ἐμ,
603 980 686 1060 cop)
710 977 812 1039 πίτνειν
846 978 942 1041 metri
977 995 1071 1041 causa
1094 978 1179 1060 apud
1203 978 1431 1063 Aeschylum

441 1087 522 1166 dies,
562 1085 647 1167 apud
689 1082 914 1167 Sophoclem
952 1083 1013 1165 bis,
1083 1085 1166 1167 apud
1212 1084 1431 1167 Euripidem

444 1190 581 1273 151551),

441 1298 534 1363 metri
557 1296 679 1361 ratione
702 1315 765 1360 non
801 1295 911 1360 hahita
945 1296 1028 1380 apud
1053 1296 1299 1380 Aeschylum
1324 1298 1432 1379 semel,

441 1404 526 1487 apud
561 1402 798 1486 Sophoclem
833 1403 890 1483 ter,
926 1402 1011 1484 apud
1047 1401 1286 1485 Euripidem
1310 1402 1431 1485 alost).

402 1563 560 1647 Exemplis
596 1561 814 1645 comprobatur
849 1563 956 1643 poetas
995 1562 1125 1626 verbum
1162 1561 1263 1625 πίτνειν
1302 1562 1432 1647 eiusque

310 1671 484 1753 composita
507 1670 540 1733 in
563 1668 740 1751 tragoedias
765 1667 975 1732 introduxisse
991 1669 1091 1732 metro
1115 1668 1266 1734 adductos
1277 1669 1314 1750 ⁴).
1363 1667 1432 1759 Qua

309 1778 342 1842 in
367 1796 400 1841 re
424 1778 506 1841 recte
531 1774 736 1839 diiudicanda
771 1774 810 1839 ad
846 1774 928 1838 illud
953 1773 1095 1838 animum
1127 1774 1249 1839 adverti
1273 1794 1349 1859 opus
1374 1777 1432 1857 est,

310 1885 393 1967 qnod
426 1882 601 1967 προσπίτνειν
636 1882 730 1946 metri
769 1880 889 1945 ratione
927 1900 989 1944 non
1029 1879 1139 1944 habita
1174 1882 1297 1964 saepius
1338 1901 1432 1965 quam

308 1991 409 2053 πίτνειν
433 1989 596 2073 reperitur.
643 1988 783 2069 Accedit,
809 1988 892 2071 quod
916 1987 1094 2070 προσπίτνειν
1117 1988 1181 2051 iam
1202 1988 1378 2072 Aeschylus
1402 1990 1433 2053 et

310 2097 476 2181 Sophocles
500 2097 648 2161 exhibent
671 2098 770 2159 metro
798 2114 861 2159 non
888 2094 1027 2174 iubente,
1053 2094 1184 2177 simplex
1200 2095 1302 2159 atraere
1327 2096 1431 2160 autern

310 2206 390 2268 citra
413 2203 633 2268 necessitatem
668 2201 831 2266 metricam
866 2220 948 2265 unus
975 2201 1143 2283 Euripides
1182 2201 1305 2265 videtur
1338 2222 1431 2267 usur-

308 2329 408 2394 passe.
455 2309 565 2392 Neque
589 2308 650 2372 huc
674 2328 736 2373 nou
761 2307 849 2386 fucit,
885 2306 968 2390 quod
992 2308 1190 2391 paenultima
1221 2309 1308 2372 verbi
1331 2308 1433 2371 πίτνειν

309 2437 371 2481 uno
395 2417 484 2500 (Eur.
502 2415 594 2479 Hero.
617 2416 726 2494 1006),
751 2413 838 2479 verbi
861 2414 1037 2497 προσπίτνειν
1062 2415 1167 2479 autem
1192 2414 1332 2498 quinque
1356 2416 1432 2480 locis

310 2522 537 2603 (AeschPers.
560 2524 632 2585 152.
668 2519 762 2604 Soph.
790 2520 838 2587 El.
860 2521 954 2585 1880.
991 2522 1064 2586 Eur.
1090 2520 1189 2585 Andr.
1208 2522 1281 2586 537.
1319 2523 1431 2587 Troad.

311 2631 384 2693 769.
410 2629 526 2693 Phoen.
546 2628 623 2708 293)
658 2627 812 2710 positione
847 2628 1042 2711 producitur.
1098 2628 1145 2691 Ad
1182 2646 1259 2711 quas
1296 2648 1346 2693 res
1382 2648 1433 2693 ex-

309 2736 484 2819 planandas
520 2733 735 2797 Weckleinius
775 2734 865 2798 affert
902 2734 1019 2798 formas
1058 2736 1225 2798 verborum
1264 2735 1366 2797 πίτνειν
1402 2736 1433 2798 et

308 2841 485 2925 προίνπίτνειν
521 2840 682 2903 interdum
717 2839 811 2903 metri
847 2839 945 2903 solius
982 2839 1085 2921 gratia
1119 2840 1152 2903 in
1184 2860 1277 2905 usum
1312 2839 1431 2922 vocari3

309 2965 537 3030 nonnunquam
572 2948 678 3011 autem
712 2946 792 3027 fieri,
828 2949 865 3010 ut
887 2946 1014 3028 propria
1049 2948 1204 3029 quaedam
1242 2947 1433 3030 significatio

309 3055 354 3118 eis
390 3054 500 3137 (atque
537 3052 702 3136 praecipue
738 3053 831 3117 verbo
869 3051 1057 3136 προσπίτνειν)
1098 3053 1194 3134 insit;
1234 3054 1288 3118 sed
1328 3054 1432 3119 virum

310 3161 436 3225 doctum
474 3160 579 3243 ipsum
618 3148 830 3224 conferamus:
869 3160 891 3224 l.
910 3179 936 3223 c.
970 3182 1000 3244 p.
1023 3162 1081 3223 171
1124 3160 1182 3225 ‘De
1220 3180 1280 3226 usu
1319 3160 1433 3226 harum

310 3254 482 3333 formarum
505 3269 568 3331 duo
593 3266 769 3332 discernere
792 3266 883 3331 licet:
907 3286 983 3330 nam
1006 3267 1106 3332 forma
1133 3267 1234 3329 πίτνειν
1258 3270 1315 3332 aut
1339 3269 1433 3333 metri

248 3463 252 3470 ι
312 3393 404 3439 causa
428 3376 537 3456 poetae
561 3374 677 3457 tragici
700 3375 810 3438 eadem
846 3393 909 3456 qua
942 3374 1049 3436 πίπτειν
1087 3375 1135 3438 usi
1172 3376 1246 3439 sunt
1274 3377 1329 3439 aut
1351 3376 1432 3440 tem-

400 3640 422 3707 ¹)
439 3638 498 3694 Alc.
521 3637 597 3693 1059.
627 3638 711 3693 Andr.
724 3637 785 3694 858.
804 3638 866 3692 578.
895 3638 1032 3695 1161894.
1061 3640 1154 3709 Suppl.
1171 3641 1230 3696 165.
1260 3640 1332 3696 Mod.
1355 3640 1432 3696 1195.

308 3728 388 3784 Herc.
405 3728 481 3799 1006.

397 3816 418 3885 ¹)
438 3821 588 3888 προσπίτνειν
607 3816 724 3871 Aesch.
738 3816 811 3872 Pers.
826 3818 887 3872 461.
907 3817 1254 3888 soph.0ed.col.1754.
1282 3818 1356 3873 Eur.
1376 3818 1433 3874 Alc.

312 3904 371 3959 164.
384 3904 446 3961 403.
465 3905 564 3960 Bacch.
583 3904 659 3960 lll5.
679 3904 819 3961 1188974.
837 3906 883 3961 El.
896 3906 957 3959 221.
971 3906 1032 3962 576.
1052 3906 1132 3961 Hero.
1147 3908 1222 3962 1908.
1240 3907 1315 3961 1879.
1336 3908 1431 3977 Suppl.

312 3992 443 4062 logniae.
460 3995 535 4049 1166.
555 3994 659 4048 Phoan.
670 3994 730 4049 921.
746 3994 820 4049 1878.
837 3994 916 4061 1489;
936 3995 1062 4065 ἐμπίτνειν
1076 3994 1172 4050 Aesch.
1188 3995 1282 4066 Suppl.
1299 3996 1432 4052 119180.

308 4083 359 4151 Ag.
378 4080 455 4135 1178.
471 4082 546 4136 1468.
566 4082 649 4153 Soph.
662 4081 705 4137 Ai.
715 4082 763 4150 583
789 4084 932 4153 συμπίπτειν
953 4083 1017 4139 Eur.
1031 4084 1097 4139 Hoc.
1110 4084 1171 4139 846.
1186 4085 1246 4139 966.

396 4169 419 4238 ⁸)
439 4169 591 4241 apocalama
616 4171 823 4227 Aesch.Pers.
840 4172 898 4227 152.
927 4171 1081 4242 Saphar.
1099 4172 1161 4227 453.
1182 4172 1258 4227 1380.
1286 4172 1357 4227 Phil.
1372 4174 1435 4229 485.

307 4258 384 4313 Eur.
398 4257 456 4312 Alc.
473 4257 531 4313 188.
553 4258 612 4313 Hel.
623 4260 666 4313 64.
685 4259 757 4314 Mod.
771 4260 849 4316 1205.
869 4260 1045 4316 Pronnaea.
1061 4260 1138 4315 1488.
1158 4260 1241 4315 Andr.
1253 4262 1313 4317 587.
1333 4261 1434 4317 Troad.

309 4348 376 4413 7623
395 4346 522 4400 τίσπίπνειν
540 4346 605 4401 Eur.
618 4348 717 4403 Troad.
731 4348 792 4403 751.

396 4435 418 4503 ⁴)
438 4435 481 4491 Da
499 4436 664 4492 formatione
683 4437 758 4491 uerbi
781 4436 857 4490 πίτνω
886 4436 999 4505 (πιπνέω)
1027 4438 1088 4492 vido
1107 4438 1229 4507 Bachtol‚
1258 4440 1304 4495 die
1327 4440 1433 4510 Haupt-

307 4524 449 4592 probleme
468 4524 517 4579 der
535 4524 809 4594 indogarrnanischen
835 4526 983 4580 Lautlchro
1006 4527 1059 4580 soit
1078 4527 1243 4597 Schleiohcr,
1278 4527 1433 4598 Gottingen

310 4612 388 4678 1899,
407 4629 434 4682 p.
453 4614 510 4668 118.

1257 4706 1273 4758 9
