3717 5434
760 1598 904 1716 Caput
938 1599 989 1694 H.

850 1865 875 1931 I.

392 2024 591 2108 Quicumque
626 2026 758 2088 formam
795 2025 931 2088 trimetri
961 2046 977 2089 a
1002 2027 1101 2107 poetis
1137 2024 1267 2121 tragicis
1297 2024 1424 2089 Graecis

302 2132 439 2197 adhibiti
463 2130 695 2214 contemplatur

645 2321 658 2340 υ
679 2305 1078 2377 -ν-ΙΤῘ-υ-ιῒῌψ-

302 2489 375 2533 eum
400 2488 461 2533 non
486 2468 600 2553 effugit
623 2470 729 2552 poetas
753 2469 869 2534 formas
894 2469 994 2533 vocali
1017 2467 1124 2533 finitas
1141 2468 1174 2531 in
1192 2468 1270 2532 duas
1286 2468 1426 2551 syllabas

301 2577 410 2640 breves
450 2577 596 2640 exeuntes
632 2576 736 2639 versui
774 2577 911 2640 inserere
951 2593 1013 2640 non
1052 2574 1202 2657 potuisse,
1241 2573 1304 2639 nisi
1343 2575 1425 2638 artos

303 2682 455 2764 quasdam
480 2681 643 2762 captantes
660 2682 762 2745 rerba
785 2681 819 2745 in
843 2682 985 2745 trimetro
1012 2679 1302 2745 incommodissima
1325 2680 1425 2744 metro

302 2786 497 2872 adaptarent.
506 2786 533 2869 ¹)
569 2785 661 2865 Quod
678 2786 793 2869 quibus
809 2786 985 2851 rationibus
1004 2787 1073 2851 fieri
1096 2787 1234 2870 potuerit
1250 2785 1423 2853 videamus,

395 2893 429 2976 1)
453 2894 557 2976 Atque
581 2893 720 2975 primum
744 2893 873 2976 quidem
909 2892 1065 2957 eiusmodi
1094 2892 1212 2957 formae
1240 2893 1312 2957 ante
1336 2910 1426 2956 roca·

302 3000 378 3064 bula
401 2999 523 3064 duabus
547 3000 690 3065 consonis
714 2999 861 3064 inchoata
884 2999 1030 3064 collocari
1053 3000 1199 3081 poterant

392 3141 488 3195 Aesch.
502 3140 563 3195 Pro.
579 3141 644 3195 907:
694 3141 710 3211 ἠ
729 3140 780 3211 μὴν
799 3141 843 3194 ἔτι
862 3137 933 3209 Ζεὺς,
952 3139 1041 3213 καίπερ
1060 3136 1172 3207 αὐθάδης
1191 3146 1288 3211 φρενῶν

392 3303 426 3382 2)
452 3303 559 3366 Altera
587 3302 665 3366 ratio
701 3302 853 3377 voeabula
887 3302 993 3367 versui
1031 3300 1190 3366 inserendi
1225 3301 1301 3383 erat,
1338 3300 1365 3364 si
1394 3300 1427 3363 in

304 3410 389 3474 arsin
413 3410 550 3474 solutam
574 3409 825 3473 admittebantur

388 3550 454 3605 Eur.
468 3549 568 3605 Bacch.
581 3549 648 3603 830:
690 3548 782 3619 στολὴν
801 3548 828 3600 δὲ
847 3553 914 3601 τίνα
932 3548 982 3619 φὴς
1001 3548 1067 3619 ἀμφὶ
1084 3546 1163 3619 χρῶτ’
1185 3546 1242 3617 ἐμὸν
1262 3547 1356 3616 βαλεῖν;

392 3713 425 3794 3)
450 3710 572 3775 Deinde
596 3709 664 3775 fieri
687 3711 820 3794 poterat,
843 3712 881 3774 ut
915 3710 1034 3775 formae
1071 3708 1247 3794 bisyllabae
1282 3708 1313 3773 in
1345 3708 1429 3773 thesi

303 3819 399 3903 primi
438 3818 529 3902 pedis
567 3817 706 3883 trimetri
744 3819 911 3898 exstarent,
959 3836 1052 3899 quem
1097 3816 1209 3899 pedem
1249 3815 1427 3899 anapaestis

303 3924 418 4007 expleri
443 3924 569 3988 licitum
593 3926 659 3989 erat

389 4066 451 4120 Eur.
464 4065 504 4119 nr.
520 4066 601 4121 1030:
687 4066 735 4119 ἐπὶ
754 4064 835 4119 τοῖσδε
853 4066 933 4118 τοίνυν
952 4064 1040 4137 καίπερ
1058 4063 1209 4134 ἠδικημένη.

308 4265 521 4275 -——-—--

398 4405 417 4476 ¹)
436 4404 506 4462 Vide
524 4404 557 4459 Δ.
571 4404 614 4459 W.
624 4403 741 4470 Venuli,
769 4404 811 4459 On
829 4421 846 4459 a
865 4403 991 4459 Matrical
1011 4404 1104 4459 Canon
1135 4404 1162 4458 in
1186 4402 1274 4459 Greek
1292 4402 1429 4472 Tangam,

303 4494 421 4551 Journal
449 4494 480 4549 oi
505 4494 651 4565 Philology
674 4495 714 4559 1‘2,
744 4512 771 4564 p.
794 4492 923 4563 lcesqq.;
955 4493 1053 4562 wirae,
1085 4491 1214 4563 singular
1242 4492 1298 4548 und
1326 4490 1429 4558 Pleraei,

299 4584 365 4654 Lpa.
382 4585 458 4654 1907,
476 4601 504 4654 p.
522 4585 604 4655 disq.
