3717 5434
858 596 1077 659 „26-

416 790 522 857 Cicero
545 794 584 857 de
604 792 845 875 inv.155,106‚
869 793 1005 876 Apsines
1022 794 1055 857 in
1072 812 1099 859 a.
1117 794 1196 859 rhet.
1214 815 1245 877 p.
1260 793 1335 874 306,
1363 793 1401 855 17
1419 790 1532 876 Sp-H.

415 899 536 965 similes
559 901 643 965 locos
667 900 812 965 afferunt.
859 900 969 984 Neque
999 901 1062 965 seio
1099 919 1139 964 an
1180 920 1238 963 non
1279 901 1366 964 casui
1390 899 1533 964 tribuen-

415 1007 492 1072 dum
515 1006 568 1088 sit,
592 1007 673 1091 quod
698 1006 865 1092 Euripides
894 1008 1020 1090 saepius
1049 1007 1173 1072 eosdem
1198 1007 1251 1090 qui
1277 1006 1309 1070 in
1333 1005 1384 1070 bis
1408 1004 1534 1089 seriptis

415 1114 617 1197 reperiuntur
639 1114 722 1178 locos
746 1132 927 1179 communes
955 1112 1106 1179 exhibuit.

507 1241 535 1303 1.
559 1237 710 1303 Rhetores
739 1237 896 1320 imprimis
920 1238 1185 1322 praescribebant,
1211 1240 1246 1303 ut
1273 1239 1328 1322 qui
1357 1237 1534 1302 misericor·

416 1344 502 1410 diam
526 1344 707 1410 auditorum
741 1345 928 1410 eommoturi
963 1346 1077 1426 essent,
1113 1346 1151 1410 de
1189 1345 1315 1410 fortuna
1349 1344 1457 1410 fallaei
1482 1362 1534 1408 eos

415 1452 633 1532 admonerent3
670 1452 710 1517 cf.
746 1451 810 1517 eie.
839 1451 877 1515 de
900 1452 965 1518 inv.
990 1452 1074 1517 155.
1102 1453 1163 1517 106
1193 1455 1211 1516 ‘.
1238 1502 1244 1517 .
1271 1452 1442 1534 „primum
1466 1451 1534 1514 ani-

415 1578 503 1624 mum
527 1558 681 1623 auditoris
704 1558 815 1623 mitem
839 1560 871 1624 et
893 1559 1126 1624 misericordem
1143 1558 1294 1623 conficere
1314 1559 1435 1641 oportet
1460 1606 1466 1621 .
1492 1608 1500 1621 .
1525 1607 1533 1621 .

415 1666 449 1730 id
474 1664 549 1730 loeis
573 1665 794 1731 communibus
817 1666 941 1730 efficere
965 1666 1130 1749 oportebit,
1155 1684 1211 1749 per
1237 1684 1315 1749 quos
1332 1666 1474 1730 fortunae
1487 1663 1534 1729 vis

417 1772 451 1837 in
476 1791 582 1837 omnes
608 1774 640 1837 et
662 1772 828 1837 hominum
863 1772 1032 1837 infirmitas
1072 1772 1259 1854 ostenditur,
1296 1790 1358 1856 qua
1394 1772 1535 1837 oratione

415 1879 526 1945 habita
560 1878 698 1961 graviter
732 1879 765 1943 et
799 1879 991 1944 sententiose
1024 1879 1161 1945 maxime
1195 1879 1376 1945 demittitur
1411 1877 1535 1942 animus

415 1985 580 2050 hominum
605 1986 700 2051 etad
733 1985 983 2051 misericordiam
1019 1988 1228 2070 eomparatur,
1264 2006 1337 2050 eum
1372 1985 1405 2049 in
1430 1984 1533 2050 alieno

415 2094 499 2158 malo
523 2111 613 2158 suam
635 2093 854 2158 infirmitatem
882 2092 1115 2161 considerabit.
1162 2092 1259 2158 Cuius
1283 2093 1343 2157 loci
1368 2093 1402 2157 in
1424 2092 1534 2174 peten-

416 2199 499 2265 tium
521 2198 716 2265 oratiouibus
739 2199 834 2265 haece
857 2200 1000 2282 exempla
1023 2202 1158 2266 exstant:

507 2395 591 2466 Sopb.
603 2395 676 2451 Phil.
687 2395 738 2459 501
760 2395 941 2464 (Philoctetes
960 2395 994 2450 ad
1014 2394 1250 2467 Neoptolemum:

980 2483 1008 2535 σὺ
1028 2478 1051 2553 μ’
1073 2482 1183 2554 ἐλέησον,
1202 2483 1305 2554 εἰσορῶν

683 2571 719 2630 ὡς
736 2575 817 2625 πάντα
835 2572 902 2626 δεινὰ
920 2570 1103 2630 munerabimur
1123 2573 1217 2642 βροτοῖς

682 2668 761 2715 κοῖται
779 2659 867 2715 παθεῖν
887 2667 932 2732 μὲν
951 2661 987 2728 εὖ,
1005 2660 1093 2715 παλλτῖν
1112 2660 1138 2713 δὲ
1157 2659 1258 2732 θάτιρα.

683 2751 732 2824 χρὴ
752 2746 776 2804 t‘
797 2750 866 2809 tarde
884 2750 945 2805 ὄντα
962 2753 1087 2822 πημάτων
1104 2753 1136 2805 τὰ
1155 2747 1210 2805 δείν’
1232 2750 1301 2821 ὁρᾶν,

613 2841 666 2896 505
684 2840 769 2915 χῶταν
787 2859 824 2899 τις
842 2841 869 2894 εὖ
888 2837 929 2915 ζῇ,
946 2844 1084 2911 τηνικαῦτα
1101 2840 1144 2893 τὸν
1164 2840 1216 2911 βίον

684 2936 783 2983 σκοπεῖν
802 2929 918 3001 μάλιστα,
937 2930 972 3001 μὴ
992 2928 1137 3002 διαφθαρεὶς
1155 2927 1230 3001 λάθῃ.

506 3073 571 3130 Eur.
582 3072 676 3145 Suppl.
690 3074 742 3129 269
762 3074 875 3141 (matres
893 3073 1032 3144 supplices
1051 3073 1086 3128 ad
1104 3072 1267 3141 Theseum:

977 3166 1029 3213 τῶν
1047 3161 1094 3231 γὰρ
1113 3160 1138 3213 ἐν
1158 3162 1253 3232 βροτοῖς
1279 3210 1290 3229 ,

683 3249 730 3303 οὔτι
746 3248 811 3303 iore
829 3248 900 3302 οὐδὲν
919 3248 1063 3308 bedellos<
1081 3249 1250 3321 εὐδαιμονοῦν.

505 3393 569 3451 Eur.
581 3394 648 3451 noo.
660 3393 713 3450 282
731 3394 856 3462 (aaron
873 3394 909 3449 ed
927 3394 1061 3466 Ulixem:

682 3482 712 3536 od
729 3483 786 3541 τοὺς
803 3487 955 3553 κρατοῦντας
973 3483 1020 3557 χρὴ
1040 3490 1138 3555 apertis
1160 3485 1177 3537 d
1196 3484 1230 3556 μὴ
1250 3483 1341 3557 χριών,

685 3568 740 3626 obt’
762 3573 925 3645 εὐτυχοῦντας
944 3573 971 3626 οὖ
990 3572 1070 3627 deuia
1088 3572 1187 3645 πράξιιν
1206 3572 1252 3627 det

513 3735 630 3801 Eodem
654 3735 791 3819 pertinet
816 3736 1031 3819 fragmentum
1055 3737 1119 3800 716
1155 3754 1189 3799 er
1214 3732 1375 3816 Euripidis
1398 3733 1538 3815 Telepho

417 3841 526 3908 fabula
552 3840 704 3927 petitum:

683 4000 713 4055 ob
731 3994 756 4053 δ’
777 3994 820 4053 εἰτ’
841 3999 938 4072 ἀνάγκη
957 3998 1096 4053 mittola
1115 3998 1149 4071 μὴ
1170 4000 1261 4072 μάχου·

682 4088 765 4160 τόλμα
782 4088 810 4143 u
826 4088 988 4161 apoofllkuas
1007 4107 1039 4159 ρι
1056 4090 1101 4144 ταὶ
1119 4089 1277 4161 φρονήματος

684 4178 759 4254 χάλα.
795 4182 832 4233 τά
848 4196 895 4231 τοι
913 4181 1045 4250 ρίγιοτα
1062 4177 1215 4239 πολλάκις
1233 4178 1303 4237 θεὸς

683 4264 801 4324 rouels'
822 4266 915 4341 ldpu
931 4270 986 4325 aral
1004 4267 1200 4323 συνίστιιλεν
1222 4267 1323 4323 πόλιν.

508 4431 594 4497 Haec
616 4432 711 4498 verba
733 4430 867 4516 Telephi
890 4432 990 4498 luisse
1018 4431 1217 4516 supplicibus
1246 4429 1391 4515 precibus
1415 4428 1535 4514 efflagi-

418 4538 528 4619 tantis,
551 4539 588 4603 nt
612 4536 753 4603 Achilles
788 4536 869 4603 iram
905 4538 1127 4623 comprimeret
1161 4536 1370 4621 probabiliter
1404 4534 1537 4601 coniecit

417 4646 576 4733 Hartung,
600 4643 769 4731 Euripides
793 4644 960 4711 restitutus
983 4644 999 4709 I
1022 4664 1053 4730 p.
1072 4644 1146 4711 209.
